[{"symbol":"BTC","type":"buy","date":"1648118500","amount":"0.00100000","price":"43028.5","tid":"13852193"},{"symbol":"BTC","type":"buy","date":"1648118490","amount":"0.00170000","price":"43028.5","tid":"13852192"},{"symbol":"BTC","type":"buy","date":"1648118490","amount":"0.00170000","price":"43028.5","tid":"13852191"},{"symbol":"BTC","type":"buy","date":"1648118486","amount":"0.00780000","price":"43028.5","tid":"13852190"},{"symbol":"BTC","type":"buy","date":"1648118486","amount":"0.00408300","price":"43028.5","tid":"13852189"},{"symbol":"BTC","type":"buy","date":"1648118485","amount":"0.01116004","price":"43028.5","tid":"13852188"},{"symbol":"BTC","type":"buy","date":"1648118483","amount":"0.00789400","price":"43028.5","tid":"13852187"},{"symbol":"BTC","type":"buy","date":"1648118470","amount":"0.00986800","price":"43028.5","tid":"13852186"},{"symbol":"BTC","type":"buy","date":"1648118463","amount":"0.00358367","price":"43028.5","tid":"13852185"},{"symbol":"BTC","type":"buy","date":"1648118429","amount":"0.01320000","price":"43028.5","tid":"13852184"},{"symbol":"BTC","type":"buy","date":"1648118427","amount":"0.01650000","price":"43028.5","tid":"13852183"},{"symbol":"BTC","type":"sell","date":"1648118400","amount":"0.01737528","price":"43028.5","tid":"13852182"},{"symbol":"BTC","type":"buy","date":"1648118374","amount":"0.00270000","price":"43034.1","tid":"13852181"},{"symbol":"BTC","type":"buy","date":"1648118371","amount":"0.00347400","price":"43034.1","tid":"13852180"},{"symbol":"BTC","type":"buy","date":"1648118356","amount":"0.00868770","price":"43029.8","tid":"13852179"},{"symbol":"BTC","type":"sell","date":"1648118333","amount":"0.01000000","price":"43028.6","tid":"13852178"},{"symbol":"BTC","type":"buy","date":"1648118330","amount":"0.00235261","price":"43028.7","tid":"13852177"},{"symbol":"BTC","type":"sell","date":"1648118329","amount":"0.03829614","price":"43028.6","tid":"13852176"},{"symbol":"BTC","type":"buy","date":"1648118218","amount":"0.00128821","price":"43028","tid":"13852175"},{"symbol":"BTC","type":"sell","date":"1648118203","amount":"0.00509828","price":"43026.9","tid":"13852174"},{"symbol":"BTC","type":"buy","date":"1648118200","amount":"0.00212900","price":"43027","tid":"13852173"},{"symbol":"BTC","type":"buy","date":"1648118183","amount":"0.00028000","price":"43022.4","tid":"13852172"},{"symbol":"BTC","type":"buy","date":"1648118179","amount":"0.00207000","price":"43022.4","tid":"13852171"},{"symbol":"BTC","type":"buy","date":"1648118178","amount":"0.00347000","price":"43022.4","tid":"13852170"},{"symbol":"BTC","type":"buy","date":"1648118177","amount":"0.00347500","price":"43022.4","tid":"13852169"},{"symbol":"BTC","type":"buy","date":"1648118169","amount":"0.00278000","price":"43019.3","tid":"13852168"},{"symbol":"BTC","type":"buy","date":"1648118168","amount":"0.00347000","price":"43019.3","tid":"13852167"},{"symbol":"BTC","type":"buy","date":"1648118159","amount":"0.00347000","price":"43015.9","tid":"13852166"},{"symbol":"BTC","type":"buy","date":"1648118159","amount":"0.00340000","price":"43015.9","tid":"13852165"},{"symbol":"BTC","type":"buy","date":"1648118146","amount":"0.00340000","price":"43014.2","tid":"13852164"},{"symbol":"BTC","type":"buy","date":"1648118127","amount":"0.00347000","price":"43010.8","tid":"13852163"},{"symbol":"BTC","type":"buy","date":"1648118127","amount":"0.00347500","price":"43010.8","tid":"13852162"},{"symbol":"BTC","type":"sell","date":"1648117962","amount":"0.02919988","price":"42996.3","tid":"13852161"},{"symbol":"BTC","type":"buy","date":"1648117953","amount":"0.01737596","price":"43011.8","tid":"13852160"},{"symbol":"BTC","type":"sell","date":"1648117948","amount":"0.00294022","price":"43033.7","tid":"13852159"},{"symbol":"BTC","type":"sell","date":"1648117946","amount":"0.00139000","price":"43033.7","tid":"13852158"},{"symbol":"BTC","type":"sell","date":"1648117946","amount":"0.00347400","price":"43033.7","tid":"13852157"},{"symbol":"BTC","type":"sell","date":"1648117945","amount":"0.00347000","price":"43033.7","tid":"13852156"},{"symbol":"BTC","type":"sell","date":"1648117945","amount":"0.00270000","price":"43033.7","tid":"13852155"},{"symbol":"BTC","type":"sell","date":"1648117943","amount":"0.00340000","price":"43033.7","tid":"13852154"},{"symbol":"BTC","type":"sell","date":"1648117933","amount":"0.00272311","price":"43035.1","tid":"13852153"},{"symbol":"BTC","type":"sell","date":"1648117933","amount":"0.00087689","price":"43035.1","tid":"13852152"},{"symbol":"BTC","type":"buy","date":"1648117909","amount":"0.00095614","price":"43035.2","tid":"13852151"},{"symbol":"BTC","type":"buy","date":"1648117864","amount":"0.00421825","price":"43036.8","tid":"13852150"},{"symbol":"BTC","type":"sell","date":"1648117780","amount":"0.00102469","price":"43035.7","tid":"13852149"},{"symbol":"BTC","type":"sell","date":"1648117720","amount":"0.00090000","price":"43035.2","tid":"13852148"},{"symbol":"BTC","type":"sell","date":"1648117662","amount":"0.01737395","price":"43037.4","tid":"13852147"},{"symbol":"BTC","type":"buy","date":"1648117633","amount":"0.00067537","price":"43026.6","tid":"13852146"},{"symbol":"BTC","type":"sell","date":"1648117632","amount":"0.00120669","price":"43033","tid":"13852145"},{"symbol":"BTC","type":"sell","date":"1648117632","amount":"0.01162031","price":"43034","tid":"13852144"},{"symbol":"BTC","type":"sell","date":"1648117632","amount":"0.00387332","price":"43034.5","tid":"13852143"},{"symbol":"BTC","type":"sell","date":"1648117608","amount":"0.01737743","price":"43028.1","tid":"13852142"},{"symbol":"BTC","type":"buy","date":"1648117603","amount":"0.00651492","price":"43035","tid":"13852141"},{"symbol":"BTC","type":"sell","date":"1648117583","amount":"0.01737982","price":"43011.7","tid":"13852140"},{"symbol":"BTC","type":"buy","date":"1648117578","amount":"0.01391155","price":"42997.5","tid":"13852139"},{"symbol":"BTC","type":"buy","date":"1648117575","amount":"0.00347000","price":"42997.5","tid":"13852138"},{"symbol":"BTC","type":"buy","date":"1648117520","amount":"0.00347000","price":"42995.8","tid":"13852137"},{"symbol":"BTC","type":"sell","date":"1648117497","amount":"0.03989126","price":"42995.7","tid":"13852136"},{"symbol":"BTC","type":"sell","date":"1648117497","amount":"0.00160874","price":"42995.7","tid":"13852135"},{"symbol":"BTC","type":"buy","date":"1648117468","amount":"0.00151309","price":"42995.1","tid":"13852134"},{"symbol":"BTC","type":"buy","date":"1648117402","amount":"0.01738379","price":"42986.5","tid":"13852133"},{"symbol":"BTC","type":"sell","date":"1648117323","amount":"0.00367089","price":"42978","tid":"13852132"},{"symbol":"BTC","type":"sell","date":"1648117323","amount":"0.00106592","price":"42978","tid":"13852131"},{"symbol":"BTC","type":"sell","date":"1648117246","amount":"0.00106395","price":"42978","tid":"13852130"},{"symbol":"BTC","type":"sell","date":"1648117123","amount":"0.00894641","price":"42982.2","tid":"13852129"},{"symbol":"BTC","type":"sell","date":"1648117123","amount":"0.00121256","price":"42982.2","tid":"13852128"},{"symbol":"BTC","type":"sell","date":"1648117083","amount":"0.00340000","price":"42983.9","tid":"13852127"},{"symbol":"BTC","type":"sell","date":"1648117075","amount":"0.00340000","price":"42985.6","tid":"13852126"},{"symbol":"BTC","type":"sell","date":"1648117041","amount":"0.00175330","price":"42985.1","tid":"13852125"},{"symbol":"BTC","type":"buy","date":"1648117040","amount":"0.00261363","price":"42993.8","tid":"13852124"},{"symbol":"BTC","type":"sell","date":"1648117026","amount":"0.00100000","price":"42985.6","tid":"13852123"},{"symbol":"BTC","type":"sell","date":"1648116943","amount":"0.00120000","price":"42990.2","tid":"13852122"},{"symbol":"BTC","type":"sell","date":"1648116941","amount":"0.00120000","price":"42990.2","tid":"13852121"},{"symbol":"BTC","type":"sell","date":"1648116939","amount":"0.00140000","price":"42990.2","tid":"13852120"},{"symbol":"BTC","type":"sell","date":"1648116938","amount":"0.00160000","price":"42990.2","tid":"13852119"},{"symbol":"BTC","type":"sell","date":"1648116936","amount":"0.00180000","price":"42990.2","tid":"13852118"},{"symbol":"BTC","type":"sell","date":"1648116935","amount":"0.00200000","price":"42990.2","tid":"13852117"},{"symbol":"BTC","type":"sell","date":"1648116928","amount":"0.00140000","price":"42996.6","tid":"13852116"},{"symbol":"BTC","type":"sell","date":"1648116926","amount":"0.00140000","price":"42996.6","tid":"13852115"},{"symbol":"BTC","type":"sell","date":"1648116924","amount":"0.00340000","price":"42996.6","tid":"13852114"},{"symbol":"BTC","type":"sell","date":"1648116923","amount":"0.00140000","price":"42996.6","tid":"13852113"},{"symbol":"BTC","type":"sell","date":"1648116922","amount":"0.00160000","price":"42996.6","tid":"13852112"},{"symbol":"BTC","type":"sell","date":"1648116920","amount":"0.00180000","price":"42996.6","tid":"13852111"},{"symbol":"BTC","type":"sell","date":"1648116918","amount":"0.00200000","price":"42996.6","tid":"13852110"},{"symbol":"BTC","type":"sell","date":"1648116913","amount":"0.00070000","price":"43003.6","tid":"13852109"},{"symbol":"BTC","type":"sell","date":"1648116911","amount":"0.00090000","price":"43003.6","tid":"13852108"},{"symbol":"BTC","type":"sell","date":"1648116911","amount":"0.00210000","price":"43003.6","tid":"13852107"},{"symbol":"BTC","type":"sell","date":"1648116910","amount":"0.00270000","price":"43003.6","tid":"13852106"},{"symbol":"BTC","type":"sell","date":"1648116909","amount":"0.00130000","price":"43003.6","tid":"13852105"},{"symbol":"BTC","type":"sell","date":"1648116908","amount":"0.00140000","price":"43003.6","tid":"13852104"},{"symbol":"BTC","type":"sell","date":"1648116906","amount":"0.00160000","price":"43003.6","tid":"13852103"},{"symbol":"BTC","type":"sell","date":"1648116905","amount":"0.00340000","price":"43003.6","tid":"13852102"},{"symbol":"BTC","type":"sell","date":"1648116899","amount":"0.00030000","price":"43011.7","tid":"13852101"},{"symbol":"BTC","type":"sell","date":"1648116899","amount":"0.00043500","price":"43011.7","tid":"13852100"},{"symbol":"BTC","type":"sell","date":"1648116898","amount":"0.00050000","price":"43011.7","tid":"13852099"},{"symbol":"BTC","type":"sell","date":"1648116898","amount":"0.00050000","price":"43011.7","tid":"13852098"},{"symbol":"BTC","type":"sell","date":"1648116896","amount":"0.00130000","price":"43011.7","tid":"13852097"},{"symbol":"BTC","type":"sell","date":"1648116896","amount":"0.00090000","price":"43011.7","tid":"13852096"},{"symbol":"BTC","type":"sell","date":"1648116895","amount":"0.00210000","price":"43011.7","tid":"13852095"},{"symbol":"BTC","type":"sell","date":"1648116892","amount":"0.00130000","price":"43011.7","tid":"13852094"},{"symbol":"BTC","type":"sell","date":"1648116892","amount":"0.00270000","price":"43011.7","tid":"13852093"},{"symbol":"BTC","type":"sell","date":"1648116890","amount":"0.00140000","price":"43011.7","tid":"13852092"},{"symbol":"BTC","type":"sell","date":"1648116889","amount":"0.00160000","price":"43011.7","tid":"13852091"},{"symbol":"BTC","type":"sell","date":"1648116888","amount":"0.00340000","price":"43011.7","tid":"13852090"},{"symbol":"BTC","type":"sell","date":"1648116872","amount":"0.00194800","price":"43017.1","tid":"13852089"},{"symbol":"BTC","type":"sell","date":"1648116870","amount":"0.00120000","price":"43017.1","tid":"13852088"},{"symbol":"BTC","type":"sell","date":"1648116869","amount":"0.00195875","price":"43017.1","tid":"13852087"},{"symbol":"BTC","type":"sell","date":"1648116869","amount":"0.00094125","price":"43017.1","tid":"13852086"},{"symbol":"BTC","type":"sell","date":"1648116866","amount":"0.00308000","price":"43017.1","tid":"13852085"},{"symbol":"BTC","type":"sell","date":"1648116865","amount":"0.00259204","price":"43017.1","tid":"13852084"},{"symbol":"BTC","type":"sell","date":"1648116865","amount":"0.00080796","price":"43017.1","tid":"13852083"},{"symbol":"BTC","type":"sell","date":"1648116825","amount":"0.00244888","price":"43018.3","tid":"13852082"},{"symbol":"BTC","type":"buy","date":"1648116773","amount":"0.00695108","price":"43023.5","tid":"13852081"},{"symbol":"BTC","type":"buy","date":"1648116766","amount":"0.00122000","price":"43017.4","tid":"13852080"},{"symbol":"BTC","type":"buy","date":"1648116764","amount":"0.00153000","price":"43017.4","tid":"13852079"},{"symbol":"BTC","type":"buy","date":"1648116763","amount":"0.00278000","price":"43017.4","tid":"13852078"},{"symbol":"BTC","type":"buy","date":"1648116763","amount":"0.00347000","price":"43017.4","tid":"13852077"},{"symbol":"BTC","type":"buy","date":"1648116760","amount":"0.00347500","price":"43017.4","tid":"13852076"},{"symbol":"BTC","type":"sell","date":"1648116632","amount":"0.00050000","price":"43016.8","tid":"13852075"},{"symbol":"BTC","type":"sell","date":"1648116632","amount":"0.00067400","price":"43016.8","tid":"13852074"},{"symbol":"BTC","type":"sell","date":"1648116632","amount":"0.00052000","price":"43016.8","tid":"13852073"},{"symbol":"BTC","type":"sell","date":"1648116630","amount":"0.00068000","price":"43016.8","tid":"13852072"},{"symbol":"BTC","type":"sell","date":"1648116627","amount":"0.00123000","price":"43016.8","tid":"13852071"},{"symbol":"BTC","type":"sell","date":"1648116627","amount":"0.00154000","price":"43016.8","tid":"13852070"},{"symbol":"BTC","type":"sell","date":"1648116626","amount":"0.00154500","price":"43016.8","tid":"13852069"},{"symbol":"BTC","type":"sell","date":"1648116626","amount":"0.00376000","price":"43016.8","tid":"13852068"},{"symbol":"BTC","type":"sell","date":"1648116625","amount":"0.00356700","price":"43016.8","tid":"13852067"},{"symbol":"BTC","type":"sell","date":"1648116625","amount":"0.00232250","price":"43016.8","tid":"13852066"},{"symbol":"BTC","type":"sell","date":"1648116625","amount":"0.00143750","price":"43016.8","tid":"13852065"},{"symbol":"BTC","type":"sell","date":"1648116453","amount":"0.01737765","price":"43019","tid":"13852064"},{"symbol":"BTC","type":"buy","date":"1648116449","amount":"0.00142447","price":"43036.4","tid":"13852063"},{"symbol":"BTC","type":"buy","date":"1648116449","amount":"0.00205053","price":"43007.5","tid":"13852062"},{"symbol":"BTC","type":"buy","date":"1648116449","amount":"0.00340000","price":"43007.5","tid":"13852061"},{"symbol":"BTC","type":"buy","date":"1648116449","amount":"0.00346900","price":"43007.5","tid":"13852060"},{"symbol":"BTC","type":"buy","date":"1648116449","amount":"0.00222000","price":"43007.5","tid":"13852059"},{"symbol":"BTC","type":"buy","date":"1648116446","amount":"0.00278000","price":"43007.5","tid":"13852058"},{"symbol":"BTC","type":"buy","date":"1648116444","amount":"0.00346000","price":"43007.5","tid":"13852057"},{"symbol":"BTC","type":"buy","date":"1648116435","amount":"0.00347600","price":"42999.3","tid":"13852056"},{"symbol":"BTC","type":"buy","date":"1648116435","amount":"0.00210000","price":"42999.3","tid":"13852055"},{"symbol":"BTC","type":"buy","date":"1648116434","amount":"0.00155000","price":"42999.3","tid":"13852054"},{"symbol":"BTC","type":"buy","date":"1648116433","amount":"0.00277000","price":"42999.3","tid":"13852053"},{"symbol":"BTC","type":"buy","date":"1648116432","amount":"0.00340000","price":"42999.3","tid":"13852052"},{"symbol":"BTC","type":"buy","date":"1648116431","amount":"0.00346000","price":"42999.3","tid":"13852051"},{"symbol":"BTC","type":"buy","date":"1648116373","amount":"0.00115980","price":"42998.7","tid":"13852050"},{"symbol":"BTC","type":"buy","date":"1648116315","amount":"0.01738132","price":"42979.8","tid":"13852049"},{"symbol":"BTC","type":"sell","date":"1648116295","amount":"0.00275000","price":"42979.7","tid":"13852048"},{"symbol":"BTC","type":"buy","date":"1648116291","amount":"0.00574835","price":"42988.4","tid":"13852047"},{"symbol":"BTC","type":"buy","date":"1648116291","amount":"0.01163096","price":"42988.4","tid":"13852046"},{"symbol":"BTC","type":"sell","date":"1648116286","amount":"0.00004430","price":"42988.3","tid":"13852045"},{"symbol":"BTC","type":"sell","date":"1648116286","amount":"0.00035570","price":"42988.6","tid":"13852044"},{"symbol":"BTC","type":"buy","date":"1648116280","amount":"0.00096188","price":"42988.7","tid":"13852043"},{"symbol":"BTC","type":"sell","date":"1648116273","amount":"0.00707757","price":"43017.2","tid":"13852042"},{"symbol":"BTC","type":"sell","date":"1648116273","amount":"0.00340000","price":"43017.2","tid":"13852041"},{"symbol":"BTC","type":"sell","date":"1648116273","amount":"0.00340000","price":"43017.2","tid":"13852040"},{"symbol":"BTC","type":"sell","date":"1648116271","amount":"0.00200000","price":"43017.2","tid":"13852039"},{"symbol":"BTC","type":"sell","date":"1648116271","amount":"0.00150000","price":"43017.2","tid":"13852038"},{"symbol":"BTC","type":"sell","date":"1648116267","amount":"0.00180000","price":"43022","tid":"13852037"},{"symbol":"BTC","type":"sell","date":"1648116266","amount":"0.00117100","price":"43022","tid":"13852036"},{"symbol":"BTC","type":"sell","date":"1648116266","amount":"0.00340000","price":"43022","tid":"13852035"},{"symbol":"BTC","type":"sell","date":"1648116266","amount":"0.00347000","price":"43022","tid":"13852034"},{"symbol":"BTC","type":"sell","date":"1648116194","amount":"0.00270000","price":"43026.8","tid":"13852033"},{"symbol":"BTC","type":"sell","date":"1648116194","amount":"0.00347500","price":"43026.8","tid":"13852032"},{"symbol":"BTC","type":"sell","date":"1648116192","amount":"0.00340000","price":"43026.8","tid":"13852031"},{"symbol":"BTC","type":"sell","date":"1648116129","amount":"0.00220000","price":"43030.9","tid":"13852030"},{"symbol":"BTC","type":"sell","date":"1648116128","amount":"0.00270000","price":"43030.9","tid":"13852029"},{"symbol":"BTC","type":"sell","date":"1648116126","amount":"0.00340000","price":"43030.9","tid":"13852028"},{"symbol":"BTC","type":"sell","date":"1648116077","amount":"0.00278000","price":"43034","tid":"13852027"},{"symbol":"BTC","type":"sell","date":"1648116075","amount":"0.00347000","price":"43034","tid":"13852026"},{"symbol":"BTC","type":"sell","date":"1648116058","amount":"0.00032000","price":"43042.4","tid":"13852025"},{"symbol":"BTC","type":"sell","date":"1648116058","amount":"0.00095900","price":"43042.4","tid":"13852024"},{"symbol":"BTC","type":"sell","date":"1648116057","amount":"0.00340000","price":"43042.4","tid":"13852023"},{"symbol":"BTC","type":"sell","date":"1648116057","amount":"0.00125400","price":"43042.4","tid":"13852022"},{"symbol":"BTC","type":"sell","date":"1648116056","amount":"0.00207000","price":"43042.4","tid":"13852021"},{"symbol":"BTC","type":"sell","date":"1648116056","amount":"0.00208500","price":"43042.4","tid":"13852020"},{"symbol":"BTC","type":"sell","date":"1648116054","amount":"0.00347000","price":"43042.4","tid":"13852019"},{"symbol":"BTC","type":"sell","date":"1648116054","amount":"0.00347400","price":"43042.4","tid":"13852018"},{"symbol":"BTC","type":"sell","date":"1648116043","amount":"0.00054000","price":"43050.7","tid":"13852017"},{"symbol":"BTC","type":"sell","date":"1648116043","amount":"0.00153000","price":"43050.7","tid":"13852016"},{"symbol":"BTC","type":"sell","date":"1648116042","amount":"0.00340000","price":"43050.7","tid":"13852015"},{"symbol":"BTC","type":"sell","date":"1648116042","amount":"0.00153100","price":"43050.7","tid":"13852014"},{"symbol":"BTC","type":"sell","date":"1648116041","amount":"0.00278000","price":"43050.7","tid":"13852013"},{"symbol":"BTC","type":"sell","date":"1648116041","amount":"0.00347400","price":"43050.7","tid":"13852012"},{"symbol":"BTC","type":"sell","date":"1648116040","amount":"0.00346000","price":"43050.7","tid":"13852011"},{"symbol":"BTC","type":"sell","date":"1648116034","amount":"0.00050000","price":"43058.9","tid":"13852010"},{"symbol":"BTC","type":"sell","date":"1648116032","amount":"0.00035500","price":"43058.9","tid":"13852009"},{"symbol":"BTC","type":"sell","date":"1648116031","amount":"0.00044400","price":"43058.9","tid":"13852008"},{"symbol":"BTC","type":"sell","date":"1648116030","amount":"0.00055000","price":"43058.9","tid":"13852007"},{"symbol":"BTC","type":"sell","date":"1648116028","amount":"0.00130000","price":"43058.9","tid":"13852006"},{"symbol":"BTC","type":"sell","date":"1648116028","amount":"0.00134500","price":"43058.9","tid":"13852005"},{"symbol":"BTC","type":"sell","date":"1648116028","amount":"0.00134000","price":"43058.9","tid":"13852004"},{"symbol":"BTC","type":"sell","date":"1648116027","amount":"0.00340000","price":"43058.9","tid":"13852003"},{"symbol":"BTC","type":"sell","date":"1648116027","amount":"0.00347300","price":"43058.9","tid":"13852002"},{"symbol":"BTC","type":"sell","date":"1648116027","amount":"0.00347000","price":"43058.9","tid":"13852001"},{"symbol":"BTC","type":"sell","date":"1648116025","amount":"0.00026922","price":"43058.9","tid":"13852000"},{"symbol":"BTC","type":"sell","date":"1648116019","amount":"0.00232200","price":"43066.9","tid":"13851999"},{"symbol":"BTC","type":"sell","date":"1648116019","amount":"0.00154600","price":"43066.9","tid":"13851998"},{"symbol":"BTC","type":"sell","date":"1648116019","amount":"0.00277000","price":"43066.9","tid":"13851997"},{"symbol":"BTC","type":"sell","date":"1648116018","amount":"0.00270000","price":"43066.9","tid":"13851996"},{"symbol":"BTC","type":"sell","date":"1648116018","amount":"0.00347300","price":"43066.9","tid":"13851995"},{"symbol":"BTC","type":"sell","date":"1648116017","amount":"0.00346000","price":"43066.9","tid":"13851994"},{"symbol":"BTC","type":"buy","date":"1648115993","amount":"0.00020541","price":"43067","tid":"13851993"},{"symbol":"BTC","type":"sell","date":"1648115979","amount":"0.00236896","price":"43068.1","tid":"13851992"},{"symbol":"BTC","type":"sell","date":"1648115966","amount":"0.00277000","price":"43072.9","tid":"13851991"},{"symbol":"BTC","type":"sell","date":"1648115964","amount":"0.00340000","price":"43072.9","tid":"13851990"},{"symbol":"BTC","type":"sell","date":"1648115963","amount":"0.00347000","price":"43072.9","tid":"13851989"},{"symbol":"BTC","type":"sell","date":"1648115930","amount":"0.00060000","price":"43081.4","tid":"13851988"},{"symbol":"BTC","type":"sell","date":"1648115930","amount":"0.00114000","price":"43081.4","tid":"13851987"},{"symbol":"BTC","type":"sell","date":"1648115930","amount":"0.00114400","price":"43081.4","tid":"13851986"},{"symbol":"BTC","type":"sell","date":"1648115930","amount":"0.00270000","price":"43081.4","tid":"13851985"},{"symbol":"BTC","type":"sell","date":"1648115929","amount":"0.00141000","price":"43081.4","tid":"13851984"},{"symbol":"BTC","type":"sell","date":"1648115928","amount":"0.00263000","price":"43081.4","tid":"13851983"},{"symbol":"BTC","type":"sell","date":"1648115928","amount":"0.00347200","price":"43081.4","tid":"13851982"},{"symbol":"BTC","type":"sell","date":"1648115926","amount":"0.00073000","price":"43081.4","tid":"13851981"},{"symbol":"BTC","type":"sell","date":"1648115924","amount":"0.00340000","price":"43081.4","tid":"13851980"},{"symbol":"BTC","type":"sell","date":"1648115830","amount":"0.01736460","price":"43096.1","tid":"13851979"},{"symbol":"BTC","type":"buy","date":"1648115825","amount":"0.00247653","price":"43100.6","tid":"13851978"},{"symbol":"BTC","type":"sell","date":"1648115820","amount":"0.01736658","price":"43088.8","tid":"13851977"},{"symbol":"BTC","type":"sell","date":"1648115798","amount":"0.00048498","price":"43091.9","tid":"13851976"},{"symbol":"BTC","type":"sell","date":"1648115795","amount":"0.01736832","price":"43076.90000000","tid":"13851975"},{"symbol":"BTC","type":"buy","date":"1648115790","amount":"0.00460000","price":"43081.10000000","tid":"13851974"},{"symbol":"BTC","type":"buy","date":"1648115783","amount":"0.00044900","price":"43072.30000000","tid":"13851973"},{"symbol":"BTC","type":"buy","date":"1648115782","amount":"0.00056100","price":"43072.30000000","tid":"13851972"},{"symbol":"BTC","type":"sell","date":"1648115780","amount":"0.01737052","price":"43072.20000000","tid":"13851971"},{"symbol":"BTC","type":"sell","date":"1648115755","amount":"0.01737226","price":"43051.70000000","tid":"13851970"},{"symbol":"BTC","type":"buy","date":"1648115746","amount":"0.00216001","price":"43035.00000000","tid":"13851969"},{"symbol":"BTC","type":"buy","date":"1648115746","amount":"0.01033999","price":"43035.00000000","tid":"13851968"},{"symbol":"BTC","type":"buy","date":"1648115746","amount":"0.00312600","price":"43035.00000000","tid":"13851967"},{"symbol":"BTC","type":"buy","date":"1648115744","amount":"0.00390800","price":"43035.00000000","tid":"13851966"},{"symbol":"BTC","type":"buy","date":"1648115733","amount":"0.00210000","price":"43028.40000000","tid":"13851965"},{"symbol":"BTC","type":"buy","date":"1648115731","amount":"0.00210000","price":"43028.40000000","tid":"13851964"},{"symbol":"BTC","type":"buy","date":"1648115730","amount":"0.00208000","price":"43028.40000000","tid":"13851963"},{"symbol":"BTC","type":"buy","date":"1648115727","amount":"0.00347500","price":"43028.40000000","tid":"13851962"},{"symbol":"BTC","type":"buy","date":"1648115727","amount":"0.00347000","price":"43028.40000000","tid":"13851961"},{"symbol":"BTC","type":"buy","date":"1648115704","amount":"0.00167000","price":"43023.10000000","tid":"13851960"},{"symbol":"BTC","type":"buy","date":"1648115698","amount":"0.00208000","price":"43023.10000000","tid":"13851959"},{"symbol":"BTC","type":"buy","date":"1648115697","amount":"0.00347000","price":"43023.10000000","tid":"13851958"},{"symbol":"BTC","type":"buy","date":"1648115697","amount":"0.00347500","price":"43023.10000000","tid":"13851957"},{"symbol":"BTC","type":"buy","date":"1648115594","amount":"0.01150889","price":"43015.60000000","tid":"13851956"},{"symbol":"BTC","type":"buy","date":"1648115594","amount":"0.00209903","price":"43015.50000000","tid":"13851955"},{"symbol":"BTC","type":"buy","date":"1648115574","amount":"0.00029999","price":"43015.60000000","tid":"13851954"},{"symbol":"BTC","type":"buy","date":"1648115574","amount":"0.00347000","price":"43015.60000000","tid":"13851953"},{"symbol":"BTC","type":"buy","date":"1648115566","amount":"0.00340000","price":"43001.30000000","tid":"13851952"},{"symbol":"BTC","type":"buy","date":"1648115565","amount":"0.06631538","price":"43001.30000000","tid":"13851951"},{"symbol":"BTC","type":"buy","date":"1648115565","amount":"0.01368462","price":"42972.50000000","tid":"13851950"},{"symbol":"BTC","type":"buy","date":"1648115565","amount":"0.00023200","price":"42972.50000000","tid":"13851949"},{"symbol":"BTC","type":"buy","date":"1648115565","amount":"0.00347000","price":"42972.50000000","tid":"13851948"},{"symbol":"BTC","type":"buy","date":"1648115555","amount":"0.00434770","price":"42990.50000000","tid":"13851947"},{"symbol":"BTC","type":"buy","date":"1648115553","amount":"0.01738880","price":"42961.70000000","tid":"13851946"},{"symbol":"BTC","type":"buy","date":"1648115545","amount":"0.00175774","price":"42953.10000000","tid":"13851945"},{"symbol":"BTC","type":"buy","date":"1648115545","amount":"0.01739054","price":"42953.10000000","tid":"13851944"},{"symbol":"BTC","type":"sell","date":"1648115530","amount":"0.00340000","price":"42946.10000000","tid":"13851943"},{"symbol":"BTC","type":"buy","date":"1648115509","amount":"0.00276400","price":"42951.70000000","tid":"13851942"},{"symbol":"BTC","type":"sell","date":"1648115468","amount":"0.07449878","price":"42946.30000000","tid":"13851941"},{"symbol":"BTC","type":"sell","date":"1648115406","amount":"0.00009617","price":"42923.90000000","tid":"13851940"},{"symbol":"BTC","type":"sell","date":"1648115406","amount":"0.01739100","price":"42950.80000000","tid":"13851939"},{"symbol":"BTC","type":"buy","date":"1648115395","amount":"0.00799007","price":"42959.50000000","tid":"13851938"},{"symbol":"BTC","type":"sell","date":"1648115374","amount":"0.02836917","price":"42944.60000000","tid":"13851937"},{"symbol":"BTC","type":"sell","date":"1648115374","amount":"0.01738642","price":"42973.40000000","tid":"13851936"},{"symbol":"BTC","type":"sell","date":"1648115369","amount":"0.08000000","price":"42960.80000000","tid":"13851935"},{"symbol":"BTC","type":"buy","date":"1648115369","amount":"0.00425506","price":"42973.70000000","tid":"13851934"},{"symbol":"BTC","type":"sell","date":"1648115366","amount":"0.05130818","price":"42960.60000000","tid":"13851933"},{"symbol":"BTC","type":"sell","date":"1648115366","amount":"0.02260344","price":"42960.60000000","tid":"13851932"},{"symbol":"BTC","type":"sell","date":"1648115366","amount":"0.00608838","price":"43002.20000000","tid":"13851931"},{"symbol":"BTC","type":"sell","date":"1648115366","amount":"0.00152200","price":"43002.20000000","tid":"13851930"},{"symbol":"BTC","type":"sell","date":"1648115363","amount":"0.00264000","price":"43002.20000000","tid":"13851929"},{"symbol":"BTC","type":"sell","date":"1648115363","amount":"0.08000000","price":"43002.20000000","tid":"13851928"},{"symbol":"BTC","type":"sell","date":"1648115362","amount":"0.00320000","price":"43002.20000000","tid":"13851927"},{"symbol":"BTC","type":"sell","date":"1648115362","amount":"0.00565223","price":"43002.20000000","tid":"13851926"},{"symbol":"BTC","type":"sell","date":"1648115362","amount":"0.00024977","price":"43031.00000000","tid":"13851925"},{"symbol":"BTC","type":"sell","date":"1648115361","amount":"0.00080000","price":"43031.00000000","tid":"13851924"},{"symbol":"BTC","type":"sell","date":"1648115359","amount":"0.00340000","price":"43031.00000000","tid":"13851923"},{"symbol":"BTC","type":"sell","date":"1648115359","amount":"0.00140000","price":"43031.00000000","tid":"13851922"},{"symbol":"BTC","type":"sell","date":"1648115359","amount":"0.00265100","price":"43031.00000000","tid":"13851921"},{"symbol":"BTC","type":"sell","date":"1648115358","amount":"0.00340000","price":"43031.00000000","tid":"13851920"},{"symbol":"BTC","type":"sell","date":"1648115357","amount":"0.00347400","price":"43031.00000000","tid":"13851919"},{"symbol":"BTC","type":"sell","date":"1648115357","amount":"0.00200000","price":"43031.00000000","tid":"13851918"},{"symbol":"BTC","type":"sell","date":"1648115353","amount":"0.00035000","price":"43039.50000000","tid":"13851917"},{"symbol":"BTC","type":"sell","date":"1648115353","amount":"0.00028800","price":"43039.50000000","tid":"13851916"},{"symbol":"BTC","type":"sell","date":"1648115353","amount":"0.00030000","price":"43039.50000000","tid":"13851915"},{"symbol":"BTC","type":"sell","date":"1648115353","amount":"0.00028800","price":"43039.50000000","tid":"13851914"},{"symbol":"BTC","type":"sell","date":"1648115350","amount":"0.00035900","price":"43039.50000000","tid":"13851913"},{"symbol":"BTC","type":"sell","date":"1648115349","amount":"0.00169000","price":"43039.50000000","tid":"13851912"},{"symbol":"BTC","type":"sell","date":"1648115349","amount":"0.00169400","price":"43039.50000000","tid":"13851911"},{"symbol":"BTC","type":"sell","date":"1648115349","amount":"0.00169000","price":"43039.50000000","tid":"13851910"},{"symbol":"BTC","type":"sell","date":"1648115349","amount":"0.00160000","price":"43039.50000000","tid":"13851909"},{"symbol":"BTC","type":"sell","date":"1648115345","amount":"0.00210000","price":"43039.50000000","tid":"13851908"},{"symbol":"BTC","type":"sell","date":"1648115343","amount":"0.00340000","price":"43039.50000000","tid":"13851907"},{"symbol":"BTC","type":"sell","date":"1648115343","amount":"0.00340000","price":"43039.50000000","tid":"13851906"},{"symbol":"BTC","type":"sell","date":"1648115334","amount":"0.00347000","price":"43042.70000000","tid":"13851905"},{"symbol":"BTC","type":"sell","date":"1648115333","amount":"0.00292956","price":"43042.70000000","tid":"13851904"},{"symbol":"BTC","type":"sell","date":"1648115333","amount":"0.00054444","price":"43050.00000000","tid":"13851903"},{"symbol":"BTC","type":"sell","date":"1648115305","amount":"0.00056000","price":"43050.00000000","tid":"13851902"},{"symbol":"BTC","type":"sell","date":"1648115305","amount":"0.00027600","price":"43050.00000000","tid":"13851901"},{"symbol":"BTC","type":"sell","date":"1648115303","amount":"0.00056500","price":"43050.00000000","tid":"13851900"},{"symbol":"BTC","type":"sell","date":"1648115301","amount":"0.00032000","price":"43050.00000000","tid":"13851899"},{"symbol":"BTC","type":"sell","date":"1648115299","amount":"0.00056000","price":"43050.00000000","tid":"13851898"},{"symbol":"BTC","type":"sell","date":"1648115296","amount":"0.01737241","price":"43050.00000000","tid":"13851897"},{"symbol":"BTC","type":"sell","date":"1648115293","amount":"0.00092800","price":"43050.00000000","tid":"13851896"},{"symbol":"BTC","type":"buy","date":"1648115290","amount":"0.01737415","price":"43034.20000000","tid":"13851895"},{"symbol":"BTC","type":"buy","date":"1648115211","amount":"0.00325753","price":"43032.60000000","tid":"13851894"},{"symbol":"BTC","type":"buy","date":"1648115086","amount":"0.00483381","price":"43030.20000000","tid":"13851893"},{"symbol":"BTC","type":"buy","date":"1648114993","amount":"0.01086096","price":"43023.80000000","tid":"13851892"},{"symbol":"BTC","type":"sell","date":"1648114953","amount":"0.00347526","price":"43023.20000000","tid":"13851891"},{"symbol":"BTC","type":"sell","date":"1648114893","amount":"0.04121465","price":"43023.40000000","tid":"13851890"},{"symbol":"BTC","type":"buy","date":"1648114884","amount":"0.01737049","price":"43043.30000000","tid":"13851889"},{"symbol":"BTC","type":"sell","date":"1648114879","amount":"0.01000000","price":"43033.00000000","tid":"13851888"},{"symbol":"BTC","type":"sell","date":"1648114879","amount":"0.09900613","price":"43086.00000000","tid":"13851887"},{"symbol":"BTC","type":"buy","date":"1648114877","amount":"0.00199716","price":"43086.10000000","tid":"13851886"},{"symbol":"BTC","type":"sell","date":"1648114876","amount":"0.01735785","price":"43114.90000000","tid":"13851885"},{"symbol":"BTC","type":"sell","date":"1648114865","amount":"0.01578880","price":"43112.30000000","tid":"13851884"},{"symbol":"BTC","type":"sell","date":"1648114863","amount":"0.01970000","price":"43112.30000000","tid":"13851883"},{"symbol":"BTC","type":"sell","date":"1648114857","amount":"0.00007744","price":"43112.30000000","tid":"13851882"},{"symbol":"BTC","type":"sell","date":"1648114857","amount":"0.00072256","price":"43141.20000000","tid":"13851881"},{"symbol":"BTC","type":"sell","date":"1648114857","amount":"0.00087000","price":"43141.20000000","tid":"13851880"},{"symbol":"BTC","type":"sell","date":"1648114857","amount":"0.00279000","price":"43141.20000000","tid":"13851879"},{"symbol":"BTC","type":"sell","date":"1648114856","amount":"0.00340000","price":"43141.20000000","tid":"13851878"},{"symbol":"BTC","type":"sell","date":"1648114856","amount":"0.00347000","price":"43141.20000000","tid":"13851877"},{"symbol":"BTC","type":"sell","date":"1648114856","amount":"0.00270000","price":"43141.20000000","tid":"13851876"},{"symbol":"BTC","type":"sell","date":"1648114853","amount":"0.00340000","price":"43141.20000000","tid":"13851875"},{"symbol":"BTC","type":"sell","date":"1648114815","amount":"0.00270000","price":"43144.30000000","tid":"13851874"},{"symbol":"BTC","type":"sell","date":"1648114814","amount":"0.00340000","price":"43144.30000000","tid":"13851873"},{"symbol":"BTC","type":"sell","date":"1648114797","amount":"0.00050000","price":"43152.50000000","tid":"13851872"},{"symbol":"BTC","type":"sell","date":"1648114797","amount":"0.00055200","price":"43152.50000000","tid":"13851871"},{"symbol":"BTC","type":"sell","date":"1648114797","amount":"0.00044000","price":"43152.50000000","tid":"13851870"},{"symbol":"BTC","type":"sell","date":"1648114796","amount":"0.00055000","price":"43152.50000000","tid":"13851869"},{"symbol":"BTC","type":"sell","date":"1648114794","amount":"0.00068000","price":"43152.50000000","tid":"13851868"},{"symbol":"BTC","type":"sell","date":"1648114792","amount":"0.00126000","price":"43152.50000000","tid":"13851867"},{"symbol":"BTC","type":"sell","date":"1648114792","amount":"0.00160000","price":"43152.50000000","tid":"13851866"},{"symbol":"BTC","type":"sell","date":"1648114791","amount":"0.00209000","price":"43152.50000000","tid":"13851865"},{"symbol":"BTC","type":"sell","date":"1648114789","amount":"0.00209000","price":"43152.50000000","tid":"13851864"},{"symbol":"BTC","type":"sell","date":"1648114788","amount":"0.00347000","price":"43152.50000000","tid":"13851863"},{"symbol":"BTC","type":"sell","date":"1648114787","amount":"0.00340000","price":"43152.50000000","tid":"13851862"},{"symbol":"BTC","type":"sell","date":"1648114753","amount":"0.01735029","price":"43157.00000000","tid":"13851861"},{"symbol":"BTC","type":"buy","date":"1648114750","amount":"0.00075380","price":"43155.00000000","tid":"13851860"},{"symbol":"BTC","type":"buy","date":"1648114734","amount":"0.01735202","price":"43144.00000000","tid":"13851859"},{"symbol":"BTC","type":"buy","date":"1648114724","amount":"0.01735376","price":"43135.40000000","tid":"13851858"},{"symbol":"BTC","type":"buy","date":"1648114714","amount":"0.00513057","price":"43132.80000000","tid":"13851857"},{"symbol":"BTC","type":"buy","date":"1648114701","amount":"0.00050000","price":"43132.50000000","tid":"13851856"},{"symbol":"BTC","type":"buy","date":"1648114695","amount":"0.00061000","price":"43132.50000000","tid":"13851855"},{"symbol":"BTC","type":"buy","date":"1648114688","amount":"0.03491011","price":"43126.70000000","tid":"13851854"},{"symbol":"BTC","type":"sell","date":"1648114666","amount":"0.00054000","price":"43131.80000000","tid":"13851853"},{"symbol":"BTC","type":"sell","date":"1648114666","amount":"0.00043200","price":"43131.80000000","tid":"13851852"},{"symbol":"BTC","type":"sell","date":"1648114665","amount":"0.00054000","price":"43131.80000000","tid":"13851851"},{"symbol":"BTC","type":"sell","date":"1648114664","amount":"0.00067000","price":"43131.80000000","tid":"13851850"},{"symbol":"BTC","type":"sell","date":"1648114663","amount":"0.00084000","price":"43131.80000000","tid":"13851849"},{"symbol":"BTC","type":"sell","date":"1648114662","amount":"0.00140200","price":"43131.80000000","tid":"13851848"},{"symbol":"BTC","type":"sell","date":"1648114661","amount":"0.00140000","price":"43131.80000000","tid":"13851847"},{"symbol":"BTC","type":"sell","date":"1648114661","amount":"0.00347000","price":"43131.80000000","tid":"13851846"},{"symbol":"BTC","type":"sell","date":"1648114661","amount":"0.00340000","price":"43131.80000000","tid":"13851845"},{"symbol":"BTC","type":"sell","date":"1648114661","amount":"0.00347000","price":"43131.80000000","tid":"13851844"},{"symbol":"BTC","type":"sell","date":"1648114650","amount":"0.00656000","price":"43112.40000000","tid":"13851843"},{"symbol":"BTC","type":"sell","date":"1648114649","amount":"0.00064600","price":"43112.40000000","tid":"13851842"},{"symbol":"BTC","type":"sell","date":"1648114649","amount":"0.01098634","price":"43141.30000000","tid":"13851841"},{"symbol":"BTC","type":"sell","date":"1648114649","amount":"0.00182709","price":"43141.30000000","tid":"13851840"},{"symbol":"BTC","type":"sell","date":"1648114649","amount":"0.00067291","price":"43141.40000000","tid":"13851839"},{"symbol":"BTC","type":"sell","date":"1648114649","amount":"0.00256200","price":"43141.40000000","tid":"13851838"},{"symbol":"BTC","type":"sell","date":"1648114649","amount":"0.00256000","price":"43141.40000000","tid":"13851837"},{"symbol":"BTC","type":"sell","date":"1648114648","amount":"0.00115000","price":"43141.30000000","tid":"13851836"},{"symbol":"BTC","type":"buy","date":"1648114645","amount":"0.00550000","price":"43150.00000000","tid":"13851835"},{"symbol":"BTC","type":"buy","date":"1648114642","amount":"0.00338912","price":"43140.00000000","tid":"13851834"},{"symbol":"BTC","type":"buy","date":"1648114641","amount":"0.00084727","price":"43140.00000000","tid":"13851833"},{"symbol":"BTC","type":"buy","date":"1648114639","amount":"0.10656789","price":"43117.20000000","tid":"13851832"},{"symbol":"BTC","type":"buy","date":"1648114638","amount":"0.00810000","price":"43117.20000000","tid":"13851831"},{"symbol":"BTC","type":"buy","date":"1648114636","amount":"0.08243136","price":"43064.20000000","tid":"13851830"},{"symbol":"BTC","type":"buy","date":"1648114635","amount":"0.01120000","price":"43064.20000000","tid":"13851829"},{"symbol":"BTC","type":"buy","date":"1648114634","amount":"0.00137532","price":"43056.70000000","tid":"13851828"},{"symbol":"BTC","type":"buy","date":"1648114634","amount":"0.00540000","price":"43064.20000000","tid":"13851827"},{"symbol":"BTC","type":"buy","date":"1648114634","amount":"0.16530201","price":"43045.00000000","tid":"13851826"},{"symbol":"BTC","type":"buy","date":"1648114634","amount":"0.00030013","price":"43045.00000000","tid":"13851825"},{"symbol":"BTC","type":"buy","date":"1648114633","amount":"0.12658161","price":"43045.00000000","tid":"13851824"},{"symbol":"BTC","type":"buy","date":"1648114633","amount":"0.00270000","price":"43045.00000000","tid":"13851823"},{"symbol":"BTC","type":"buy","date":"1648114633","amount":"0.01850000","price":"43045.00000000","tid":"13851822"},{"symbol":"BTC","type":"buy","date":"1648114630","amount":"0.01840000","price":"43045.00000000","tid":"13851821"},{"symbol":"BTC","type":"sell","date":"1648114629","amount":"0.01737392","price":"43044.90000000","tid":"13851820"},{"symbol":"BTC","type":"buy","date":"1648114628","amount":"0.06870000","price":"43045.00000000","tid":"13851819"},{"symbol":"BTC","type":"buy","date":"1648114626","amount":"0.00324749","price":"43045.00000000","tid":"13851818"},{"symbol":"BTC","type":"buy","date":"1648114626","amount":"0.01059166","price":"43006.50000000","tid":"13851817"},{"symbol":"BTC","type":"buy","date":"1648114626","amount":"0.00564583","price":"43006.50000000","tid":"13851816"},{"symbol":"BTC","type":"buy","date":"1648114625","amount":"0.00564583","price":"43006.50000000","tid":"13851815"},{"symbol":"BTC","type":"buy","date":"1648114624","amount":"0.01580000","price":"43006.50000000","tid":"13851814"},{"symbol":"BTC","type":"buy","date":"1648114624","amount":"0.04170000","price":"43006.50000000","tid":"13851813"},{"symbol":"BTC","type":"buy","date":"1648114623","amount":"0.01971443","price":"43006.50000000","tid":"13851812"},{"symbol":"BTC","type":"buy","date":"1648114623","amount":"0.00008557","price":"42977.70000000","tid":"13851811"},{"symbol":"BTC","type":"buy","date":"1648114620","amount":"0.01730000","price":"42977.70000000","tid":"13851810"},{"symbol":"BTC","type":"buy","date":"1648114616","amount":"0.00610000","price":"42968.20000000","tid":"13851809"},{"symbol":"BTC","type":"buy","date":"1648114614","amount":"0.00131500","price":"42968.20000000","tid":"13851808"},{"symbol":"BTC","type":"buy","date":"1648114613","amount":"0.00650000","price":"42968.20000000","tid":"13851807"},{"symbol":"BTC","type":"buy","date":"1648114613","amount":"0.00340000","price":"42968.20000000","tid":"13851806"},{"symbol":"BTC","type":"buy","date":"1648114609","amount":"0.00190000","price":"42964.40000000","tid":"13851805"},{"symbol":"BTC","type":"buy","date":"1648114605","amount":"0.00240000","price":"42964.40000000","tid":"13851804"},{"symbol":"BTC","type":"buy","date":"1648114604","amount":"0.00249000","price":"42964.40000000","tid":"13851803"},{"symbol":"BTC","type":"buy","date":"1648114604","amount":"0.00270000","price":"42964.40000000","tid":"13851802"},{"symbol":"BTC","type":"sell","date":"1648114585","amount":"0.00058125","price":"42964.30000000","tid":"13851801"},{"symbol":"BTC","type":"sell","date":"1648114583","amount":"0.00057700","price":"42964.30000000","tid":"13851800"},{"symbol":"BTC","type":"sell","date":"1648114583","amount":"0.00030000","price":"42964.30000000","tid":"13851799"},{"symbol":"BTC","type":"sell","date":"1648114583","amount":"0.00036000","price":"42964.30000000","tid":"13851798"},{"symbol":"BTC","type":"sell","date":"1648114581","amount":"0.00050000","price":"42964.30000000","tid":"13851797"},{"symbol":"BTC","type":"sell","date":"1648114581","amount":"0.00057000","price":"42964.30000000","tid":"13851796"},{"symbol":"BTC","type":"sell","date":"1648114579","amount":"0.01450000","price":"42964.30000000","tid":"13851795"},{"symbol":"BTC","type":"buy","date":"1648114553","amount":"0.00568000","price":"42959.50000000","tid":"13851794"},{"symbol":"BTC","type":"buy","date":"1648114551","amount":"0.00650000","price":"42959.50000000","tid":"13851793"},{"symbol":"BTC","type":"buy","date":"1648114550","amount":"0.00404000","price":"42959.50000000","tid":"13851792"},{"symbol":"BTC","type":"buy","date":"1648114549","amount":"0.01000000","price":"42959.50000000","tid":"13851791"},{"symbol":"BTC","type":"buy","date":"1648114549","amount":"0.00279000","price":"42959.50000000","tid":"13851790"},{"symbol":"BTC","type":"buy","date":"1648114547","amount":"0.00667000","price":"42959.50000000","tid":"13851789"},{"symbol":"BTC","type":"buy","date":"1648114546","amount":"0.01001000","price":"42959.50000000","tid":"13851788"},{"symbol":"BTC","type":"buy","date":"1648114545","amount":"0.01000000","price":"42959.50000000","tid":"13851787"},{"symbol":"BTC","type":"buy","date":"1648114543","amount":"0.01251628","price":"42959.50000000","tid":"13851786"},{"symbol":"BTC","type":"buy","date":"1648114543","amount":"0.00000372","price":"42930.80000000","tid":"13851785"},{"symbol":"BTC","type":"buy","date":"1648114543","amount":"0.00057335","price":"42930.80000000","tid":"13851784"},{"symbol":"BTC","type":"buy","date":"1648114540","amount":"0.00025100","price":"42930.80000000","tid":"13851783"},{"symbol":"BTC","type":"buy","date":"1648114540","amount":"0.00043000","price":"42930.80000000","tid":"13851782"},{"symbol":"BTC","type":"buy","date":"1648114540","amount":"0.00090000","price":"42930.80000000","tid":"13851781"},{"symbol":"BTC","type":"buy","date":"1648114539","amount":"0.00078100","price":"42930.80000000","tid":"13851780"},{"symbol":"BTC","type":"buy","date":"1648114539","amount":"0.00097000","price":"42930.80000000","tid":"13851779"},{"symbol":"BTC","type":"buy","date":"1648114538","amount":"0.00097700","price":"42930.80000000","tid":"13851778"},{"symbol":"BTC","type":"buy","date":"1648114536","amount":"0.00278000","price":"42930.80000000","tid":"13851777"},{"symbol":"BTC","type":"buy","date":"1648114536","amount":"0.00278000","price":"42930.80000000","tid":"13851776"},{"symbol":"BTC","type":"buy","date":"1648114535","amount":"0.00347900","price":"42930.80000000","tid":"13851775"},{"symbol":"BTC","type":"buy","date":"1648114534","amount":"0.00347000","price":"42930.80000000","tid":"13851774"},{"symbol":"BTC","type":"buy","date":"1648114530","amount":"0.00021185","price":"42930.50000000","tid":"13851773"},{"symbol":"BTC","type":"buy","date":"1648114524","amount":"0.00645112","price":"42937.30000000","tid":"13851772"},{"symbol":"BTC","type":"sell","date":"1648114523","amount":"0.11488445","price":"42954.70000000","tid":"13851771"},{"symbol":"BTC","type":"buy","date":"1648114518","amount":"0.00635484","price":"42988.40000000","tid":"13851770"},{"symbol":"BTC","type":"sell","date":"1648114517","amount":"0.00683047","price":"43001.00000000","tid":"13851769"},{"symbol":"BTC","type":"sell","date":"1648114517","amount":"0.09909634","price":"43007.60000000","tid":"13851768"},{"symbol":"BTC","type":"sell","date":"1648114516","amount":"0.01737367","price":"43036.50000000","tid":"13851767"},{"symbol":"BTC","type":"buy","date":"1648114514","amount":"0.00158322","price":"43045.10000000","tid":"13851766"},{"symbol":"BTC","type":"buy","date":"1648114510","amount":"0.00341975","price":"43078.80000000","tid":"13851765"},{"symbol":"BTC","type":"sell","date":"1648114509","amount":"0.07581343","price":"43049.90000000","tid":"13851764"},{"symbol":"BTC","type":"sell","date":"1648114506","amount":"0.09898672","price":"43102.90000000","tid":"13851763"},{"symbol":"BTC","type":"sell","date":"1648114504","amount":"0.01569445","price":"43131.80000000","tid":"13851762"},{"symbol":"BTC","type":"sell","date":"1648114503","amount":"0.00056000","price":"43131.80000000","tid":"13851761"},{"symbol":"BTC","type":"sell","date":"1648114503","amount":"0.00050000","price":"43131.80000000","tid":"13851760"},{"symbol":"BTC","type":"sell","date":"1648114501","amount":"0.00060000","price":"43131.80000000","tid":"13851759"},{"symbol":"BTC","type":"sell","date":"1648114423","amount":"0.00050700","price":"43133.50000000","tid":"13851758"},{"symbol":"BTC","type":"sell","date":"1648114423","amount":"0.00033800","price":"43133.50000000","tid":"13851757"},{"symbol":"BTC","type":"sell","date":"1648114418","amount":"0.00084400","price":"43133.50000000","tid":"13851756"},{"symbol":"BTC","type":"sell","date":"1648114417","amount":"0.00084400","price":"43133.50000000","tid":"13851755"},{"symbol":"BTC","type":"sell","date":"1648114414","amount":"0.00084000","price":"43133.50000000","tid":"13851754"},{"symbol":"BTC","type":"sell","date":"1648114370","amount":"0.00026000","price":"43133.90000000","tid":"13851753"},{"symbol":"BTC","type":"sell","date":"1648114364","amount":"0.00043448","price":"43133.90000000","tid":"13851752"},{"symbol":"BTC","type":"sell","date":"1648114364","amount":"0.00003552","price":"43137.70000000","tid":"13851751"},{"symbol":"BTC","type":"sell","date":"1648114361","amount":"0.00059600","price":"43137.70000000","tid":"13851750"},{"symbol":"BTC","type":"sell","date":"1648114359","amount":"0.00059000","price":"43137.70000000","tid":"13851749"},{"symbol":"BTC","type":"sell","date":"1648114358","amount":"0.00137000","price":"43137.70000000","tid":"13851748"},{"symbol":"BTC","type":"sell","date":"1648114357","amount":"0.00251700","price":"43137.70000000","tid":"13851747"},{"symbol":"BTC","type":"sell","date":"1648114357","amount":"0.00160000","price":"43137.70000000","tid":"13851746"},{"symbol":"BTC","type":"sell","date":"1648114354","amount":"0.00107848","price":"43137.70000000","tid":"13851745"},{"symbol":"BTC","type":"sell","date":"1648114354","amount":"0.00122152","price":"43137.70000000","tid":"13851744"},{"symbol":"BTC","type":"buy","date":"1648114349","amount":"0.00131521","price":"43137.80000000","tid":"13851743"},{"symbol":"BTC","type":"sell","date":"1648114343","amount":"0.00111811","price":"43137.70000000","tid":"13851742"},{"symbol":"BTC","type":"sell","date":"1648114343","amount":"0.00098189","price":"43140.50000000","tid":"13851741"},{"symbol":"BTC","type":"sell","date":"1648114339","amount":"0.00024500","price":"43140.50000000","tid":"13851740"},{"symbol":"BTC","type":"sell","date":"1648114338","amount":"0.00270000","price":"43140.30000000","tid":"13851739"},{"symbol":"BTC","type":"sell","date":"1648114334","amount":"0.00030000","price":"43140.30000000","tid":"13851738"},{"symbol":"BTC","type":"sell","date":"1648114334","amount":"0.00225275","price":"43140.30000000","tid":"13851737"},{"symbol":"BTC","type":"sell","date":"1648114334","amount":"0.00126725","price":"43140.30000000","tid":"13851736"},{"symbol":"BTC","type":"sell","date":"1648114333","amount":"0.00440000","price":"43140.90000000","tid":"13851735"},{"symbol":"BTC","type":"sell","date":"1648114274","amount":"0.00251000","price":"43141.50000000","tid":"13851734"},{"symbol":"BTC","type":"sell","date":"1648114274","amount":"0.00096000","price":"43143.10000000","tid":"13851733"},{"symbol":"BTC","type":"sell","date":"1648114271","amount":"0.00024000","price":"43143.10000000","tid":"13851732"},{"symbol":"BTC","type":"sell","date":"1648114254","amount":"0.00030000","price":"43143.10000000","tid":"13851731"},{"symbol":"BTC","type":"sell","date":"1648114236","amount":"0.00340000","price":"43143.20000000","tid":"13851730"},{"symbol":"BTC","type":"buy","date":"1648114224","amount":"0.00026580","price":"43151.80000000","tid":"13851729"},{"symbol":"BTC","type":"buy","date":"1648114224","amount":"0.00570000","price":"43151.70000000","tid":"13851728"},{"symbol":"BTC","type":"sell","date":"1648114120","amount":"0.00370413","price":"43151.60000000","tid":"13851727"},{"symbol":"BTC","type":"sell","date":"1648114120","amount":"0.00163408","price":"43151.60000000","tid":"13851726"},{"symbol":"BTC","type":"sell","date":"1648114047","amount":"0.00049000","price":"43151.60000000","tid":"13851725"},{"symbol":"BTC","type":"buy","date":"1648114001","amount":"0.01735219","price":"43143.20000000","tid":"13851724"},{"symbol":"BTC","type":"buy","date":"1648114000","amount":"0.00565000","price":"43143.10000000","tid":"13851723"},{"symbol":"BTC","type":"buy","date":"1648114000","amount":"0.00437600","price":"43143.10000000","tid":"13851722"},{"symbol":"BTC","type":"buy","date":"1648114000","amount":"0.00565600","price":"43143.10000000","tid":"13851721"},{"symbol":"BTC","type":"buy","date":"1648113987","amount":"0.00022049","price":"43143.10000000","tid":"13851720"},{"symbol":"BTC","type":"buy","date":"1648113883","amount":"0.00108290","price":"43143.10000000","tid":"13851719"},{"symbol":"BTC","type":"buy","date":"1648113778","amount":"0.03335991","price":"43143.10000000","tid":"13851718"},{"symbol":"BTC","type":"buy","date":"1648113730","amount":"0.00504901","price":"43143.10000000","tid":"13851717"},{"symbol":"BTC","type":"buy","date":"1648113713","amount":"0.00758174","price":"43143.10000000","tid":"13851716"},{"symbol":"BTC","type":"buy","date":"1648113680","amount":"0.00183120","price":"43143.00000000","tid":"13851715"},{"symbol":"BTC","type":"buy","date":"1648113670","amount":"0.01215415","price":"43134.60000000","tid":"13851714"},{"symbol":"BTC","type":"buy","date":"1648113670","amount":"0.00519977","price":"43134.60000000","tid":"13851713"},{"symbol":"BTC","type":"buy","date":"1648113599","amount":"0.04764715","price":"43135.00000000","tid":"13851712"},{"symbol":"BTC","type":"buy","date":"1648113599","amount":"0.01735566","price":"43125.90000000","tid":"13851711"},{"symbol":"BTC","type":"sell","date":"1648113472","amount":"0.00097319","price":"43117.70000000","tid":"13851710"},{"symbol":"BTC","type":"sell","date":"1648113414","amount":"0.00872000","price":"43122.00000000","tid":"13851709"},{"symbol":"BTC","type":"sell","date":"1648113334","amount":"0.00071622","price":"43122.40000000","tid":"13851708"},{"symbol":"BTC","type":"buy","date":"1648113238","amount":"0.00290501","price":"43122.50000000","tid":"13851707"},{"symbol":"BTC","type":"buy","date":"1648113208","amount":"0.00134000","price":"43127.70000000","tid":"13851706"},{"symbol":"BTC","type":"buy","date":"1648113128","amount":"0.01308000","price":"43131.00000000","tid":"13851705"},{"symbol":"BTC","type":"buy","date":"1648113124","amount":"0.00513000","price":"43130.90000000","tid":"13851704"},{"symbol":"BTC","type":"buy","date":"1648113119","amount":"0.01298000","price":"43131.00000000","tid":"13851703"},{"symbol":"BTC","type":"buy","date":"1648113115","amount":"0.01879000","price":"43130.90000000","tid":"13851702"},{"symbol":"BTC","type":"buy","date":"1648113110","amount":"0.05000000","price":"43128.90000000","tid":"13851701"},{"symbol":"BTC","type":"buy","date":"1648113093","amount":"0.21073774","price":"43130.90000000","tid":"13851700"},{"symbol":"BTC","type":"sell","date":"1648113059","amount":"0.01735462","price":"43131.00000000","tid":"13851699"},{"symbol":"BTC","type":"sell","date":"1648112970","amount":"0.00031000","price":"43131.20000000","tid":"13851698"},{"symbol":"BTC","type":"sell","date":"1648112963","amount":"0.00030000","price":"43135.00000000","tid":"13851697"},{"symbol":"BTC","type":"sell","date":"1648112961","amount":"0.00130000","price":"43135.00000000","tid":"13851696"},{"symbol":"BTC","type":"sell","date":"1648112961","amount":"0.00188300","price":"43135.00000000","tid":"13851695"},{"symbol":"BTC","type":"sell","date":"1648112961","amount":"0.00152000","price":"43135.00000000","tid":"13851694"},{"symbol":"BTC","type":"sell","date":"1648112960","amount":"0.00080000","price":"43135.00000000","tid":"13851693"},{"symbol":"BTC","type":"sell","date":"1648112956","amount":"0.00180000","price":"43135.00000000","tid":"13851692"},{"symbol":"BTC","type":"sell","date":"1648112876","amount":"0.01543669","price":"43138.90000000","tid":"13851691"},{"symbol":"BTC","type":"buy","date":"1648112872","amount":"0.00433248","price":"43141.50000000","tid":"13851690"},{"symbol":"BTC","type":"buy","date":"1648112824","amount":"0.01735426","price":"43132.90000000","tid":"13851689"},{"symbol":"BTC","type":"buy","date":"1648112799","amount":"0.01735600","price":"43124.30000000","tid":"13851688"},{"symbol":"BTC","type":"buy","date":"1648112781","amount":"0.01083058","price":"43144.50000000","tid":"13851687"},{"symbol":"BTC","type":"buy","date":"1648112769","amount":"0.01735773","price":"43115.60000000","tid":"13851686"},{"symbol":"BTC","type":"sell","date":"1648112669","amount":"0.00177159","price":"43108.80000000","tid":"13851685"},{"symbol":"BTC","type":"buy","date":"1648112609","amount":"0.00541924","price":"43113.00000000","tid":"13851684"},{"symbol":"BTC","type":"buy","date":"1648112551","amount":"0.01877313","price":"43111.60000000","tid":"13851683"},{"symbol":"BTC","type":"sell","date":"1648112393","amount":"0.01336373","price":"43084.10000000","tid":"13851682"},{"symbol":"BTC","type":"sell","date":"1648112393","amount":"0.01376227","price":"43112.90000000","tid":"13851681"},{"symbol":"BTC","type":"sell","date":"1648112393","amount":"0.00359600","price":"43112.90000000","tid":"13851680"},{"symbol":"BTC","type":"buy","date":"1648112286","amount":"0.00023120","price":"43121.40000000","tid":"13851679"},{"symbol":"BTC","type":"buy","date":"1648112235","amount":"0.00676929","price":"43118.20000000","tid":"13851678"},{"symbol":"BTC","type":"buy","date":"1648112235","amount":"0.00081705","price":"43118.10000000","tid":"13851677"},{"symbol":"BTC","type":"sell","date":"1648112213","amount":"0.00620129","price":"43089.50000000","tid":"13851676"},{"symbol":"BTC","type":"sell","date":"1648112213","amount":"0.01735721","price":"43118.10000000","tid":"13851675"},{"symbol":"BTC","type":"buy","date":"1648112158","amount":"0.01735548","price":"43121.10000000","tid":"13851674"},{"symbol":"BTC","type":"sell","date":"1648112153","amount":"0.01735374","price":"43135.40000000","tid":"13851673"},{"symbol":"BTC","type":"buy","date":"1648112063","amount":"0.00422475","price":"43136.20000000","tid":"13851672"},{"symbol":"BTC","type":"sell","date":"1648112053","amount":"0.00117782","price":"43136.00000000","tid":"13851671"},{"symbol":"BTC","type":"buy","date":"1648111973","amount":"0.01391986","price":"43140.50000000","tid":"13851670"},{"symbol":"BTC","type":"buy","date":"1648111973","amount":"0.03157370","price":"43140.40000000","tid":"13851669"},{"symbol":"BTC","type":"sell","date":"1648111728","amount":"0.00050000","price":"43136.50000000","tid":"13851668"},{"symbol":"BTC","type":"sell","date":"1648111727","amount":"0.00055000","price":"43136.50000000","tid":"13851667"},{"symbol":"BTC","type":"sell","date":"1648111665","amount":"0.00024000","price":"43137.20000000","tid":"13851666"},{"symbol":"BTC","type":"sell","date":"1648111665","amount":"0.00062000","price":"43137.20000000","tid":"13851665"},{"symbol":"BTC","type":"sell","date":"1648111665","amount":"0.00062000","price":"43137.20000000","tid":"13851664"},{"symbol":"BTC","type":"sell","date":"1648111641","amount":"0.00061000","price":"43138.80000000","tid":"13851663"},{"symbol":"BTC","type":"sell","date":"1648111641","amount":"0.00090000","price":"43138.80000000","tid":"13851662"},{"symbol":"BTC","type":"sell","date":"1648111640","amount":"0.00076000","price":"43138.80000000","tid":"13851661"},{"symbol":"BTC","type":"sell","date":"1648111639","amount":"0.00095000","price":"43138.80000000","tid":"13851660"},{"symbol":"BTC","type":"sell","date":"1648111586","amount":"0.00049000","price":"43141.10000000","tid":"13851659"},{"symbol":"BTC","type":"sell","date":"1648111582","amount":"0.00040000","price":"43141.10000000","tid":"13851658"},{"symbol":"BTC","type":"sell","date":"1648111580","amount":"0.00134000","price":"43141.10000000","tid":"13851657"},{"symbol":"BTC","type":"sell","date":"1648111580","amount":"0.00125000","price":"43141.10000000","tid":"13851656"},{"symbol":"BTC","type":"sell","date":"1648111579","amount":"0.00120000","price":"43141.10000000","tid":"13851655"},{"symbol":"BTC","type":"sell","date":"1648111564","amount":"0.00024000","price":"43141.90000000","tid":"13851654"},{"symbol":"BTC","type":"sell","date":"1648111558","amount":"0.00055000","price":"43141.90000000","tid":"13851653"},{"symbol":"BTC","type":"sell","date":"1648111555","amount":"0.00069000","price":"43141.90000000","tid":"13851652"},{"symbol":"BTC","type":"sell","date":"1648111521","amount":"0.00060072","price":"43142.20000000","tid":"13851651"},{"symbol":"BTC","type":"sell","date":"1648111461","amount":"0.00347000","price":"43143.90000000","tid":"13851650"},{"symbol":"BTC","type":"sell","date":"1648111442","amount":"0.00340000","price":"43145.60000000","tid":"13851649"},{"symbol":"BTC","type":"sell","date":"1648111379","amount":"0.00209000","price":"43151.80000000","tid":"13851648"},{"symbol":"BTC","type":"sell","date":"1648111377","amount":"0.00347000","price":"43151.80000000","tid":"13851647"},{"symbol":"BTC","type":"sell","date":"1648111377","amount":"0.00340000","price":"43151.80000000","tid":"13851646"},{"symbol":"BTC","type":"sell","date":"1648111376","amount":"0.00347000","price":"43151.80000000","tid":"13851645"},{"symbol":"BTC","type":"sell","date":"1648111189","amount":"0.00124875","price":"43133.10000000","tid":"13851644"},{"symbol":"BTC","type":"sell","date":"1648111189","amount":"0.02031436","price":"43133.20000000","tid":"13851643"},{"symbol":"BTC","type":"sell","date":"1648111189","amount":"0.01735044","price":"43151.80000000","tid":"13851642"},{"symbol":"BTC","type":"sell","date":"1648111189","amount":"0.03772339","price":"43160.50000000","tid":"13851641"},{"symbol":"BTC","type":"buy","date":"1648111181","amount":"0.01273661","price":"43160.50000000","tid":"13851640"},{"symbol":"BTC","type":"buy","date":"1648111181","amount":"0.01140000","price":"43157.70000000","tid":"13851639"},{"symbol":"BTC","type":"buy","date":"1648111178","amount":"0.00461210","price":"43160.50000000","tid":"13851638"},{"symbol":"BTC","type":"sell","date":"1648111148","amount":"0.01348845","price":"43155.60000000","tid":"13851637"},{"symbol":"BTC","type":"sell","date":"1648111148","amount":"0.00386199","price":"43156.30000000","tid":"13851636"},{"symbol":"BTC","type":"sell","date":"1648111119","amount":"0.01735218","price":"43151.50000000","tid":"13851635"},{"symbol":"BTC","type":"buy","date":"1648111097","amount":"0.01735391","price":"43134.60000000","tid":"13851634"},{"symbol":"BTC","type":"sell","date":"1648111084","amount":"0.00034455","price":"43134.50000000","tid":"13851633"},{"symbol":"BTC","type":"buy","date":"1648111070","amount":"0.01858006","price":"43145.70000000","tid":"13851632"},{"symbol":"BTC","type":"buy","date":"1648111070","amount":"0.00455624","price":"43116.80000000","tid":"13851631"},{"symbol":"BTC","type":"buy","date":"1648111065","amount":"0.01280127","price":"43116.80000000","tid":"13851630"},{"symbol":"BTC","type":"sell","date":"1648111049","amount":"0.00165446","price":"43110.00000000","tid":"13851629"},{"symbol":"BTC","type":"buy","date":"1648111049","amount":"0.00064325","price":"43109.80000000","tid":"13851628"},{"symbol":"BTC","type":"buy","date":"1648111048","amount":"0.00050000","price":"43109.80000000","tid":"13851627"},{"symbol":"BTC","type":"buy","date":"1648111048","amount":"0.00050000","price":"43109.80000000","tid":"13851626"},{"symbol":"BTC","type":"buy","date":"1648111044","amount":"0.01400076","price":"43109.80000000","tid":"13851625"},{"symbol":"BTC","type":"buy","date":"1648111019","amount":"0.01736064","price":"43101.20000000","tid":"13851624"},{"symbol":"BTC","type":"buy","date":"1648111005","amount":"0.00055383","price":"43099.80000000","tid":"13851623"},{"symbol":"BTC","type":"buy","date":"1648111004","amount":"0.00086600","price":"43099.80000000","tid":"13851622"},{"symbol":"BTC","type":"buy","date":"1648111002","amount":"0.00052000","price":"43099.80000000","tid":"13851621"},{"symbol":"BTC","type":"buy","date":"1648111001","amount":"0.00086000","price":"43099.80000000","tid":"13851620"},{"symbol":"BTC","type":"buy","date":"1648110978","amount":"0.00115900","price":"43094.90000000","tid":"13851619"},{"symbol":"BTC","type":"buy","date":"1648110978","amount":"0.00110000","price":"43094.90000000","tid":"13851618"},{"symbol":"BTC","type":"buy","date":"1648110978","amount":"0.00130000","price":"43094.90000000","tid":"13851617"},{"symbol":"BTC","type":"buy","date":"1648110977","amount":"0.00130000","price":"43094.90000000","tid":"13851616"},{"symbol":"BTC","type":"buy","date":"1648110977","amount":"0.00110000","price":"43094.90000000","tid":"13851615"},{"symbol":"BTC","type":"buy","date":"1648110975","amount":"0.00027000","price":"43094.90000000","tid":"13851614"},{"symbol":"BTC","type":"sell","date":"1648110975","amount":"0.01976906","price":"43094.80000000","tid":"13851613"},{"symbol":"BTC","type":"sell","date":"1648110975","amount":"0.00410000","price":"43094.80000000","tid":"13851612"},{"symbol":"BTC","type":"buy","date":"1648110974","amount":"0.00098000","price":"43094.90000000","tid":"13851611"},{"symbol":"BTC","type":"buy","date":"1648110974","amount":"0.00033772","price":"43094.90000000","tid":"13851610"},{"symbol":"BTC","type":"buy","date":"1648110973","amount":"0.00111000","price":"43094.90000000","tid":"13851609"},{"symbol":"BTC","type":"buy","date":"1648110973","amount":"0.00121000","price":"43094.90000000","tid":"13851608"},{"symbol":"BTC","type":"sell","date":"1648110954","amount":"0.00169082","price":"43094.80000000","tid":"13851607"},{"symbol":"BTC","type":"sell","date":"1648110879","amount":"0.00146011","price":"43094.20000000","tid":"13851606"},{"symbol":"BTC","type":"buy","date":"1648110872","amount":"0.00347000","price":"43093.20000000","tid":"13851605"},{"symbol":"BTC","type":"buy","date":"1648110863","amount":"0.00040500","price":"43083.70000000","tid":"13851604"},{"symbol":"BTC","type":"buy","date":"1648110862","amount":"0.00050600","price":"43083.70000000","tid":"13851603"},{"symbol":"BTC","type":"buy","date":"1648110861","amount":"0.00063300","price":"43083.70000000","tid":"13851602"},{"symbol":"BTC","type":"buy","date":"1648110860","amount":"0.00079100","price":"43083.70000000","tid":"13851601"},{"symbol":"BTC","type":"buy","date":"1648110859","amount":"0.00190000","price":"43083.70000000","tid":"13851600"},{"symbol":"BTC","type":"buy","date":"1648110859","amount":"0.00194900","price":"43083.70000000","tid":"13851599"},{"symbol":"BTC","type":"buy","date":"1648110859","amount":"0.00194000","price":"43083.70000000","tid":"13851598"},{"symbol":"BTC","type":"buy","date":"1648110855","amount":"0.00040000","price":"43083.70000000","tid":"13851597"},{"symbol":"BTC","type":"buy","date":"1648110852","amount":"0.00337900","price":"43083.70000000","tid":"13851596"},{"symbol":"BTC","type":"buy","date":"1648110851","amount":"0.00337000","price":"43083.70000000","tid":"13851595"},{"symbol":"BTC","type":"sell","date":"1648110849","amount":"0.00235922","price":"43083.60000000","tid":"13851594"},{"symbol":"BTC","type":"buy","date":"1648110848","amount":"0.00046724","price":"43083.70000000","tid":"13851593"},{"symbol":"BTC","type":"buy","date":"1648110848","amount":"0.00241276","price":"43082.20000000","tid":"13851592"},{"symbol":"BTC","type":"buy","date":"1648110848","amount":"0.00340000","price":"43082.20000000","tid":"13851591"},{"symbol":"BTC","type":"buy","date":"1648110840","amount":"0.00291845","price":"43082.20000000","tid":"13851590"},{"symbol":"BTC","type":"buy","date":"1648110840","amount":"0.00048547","price":"43082.10000000","tid":"13851589"},{"symbol":"BTC","type":"buy","date":"1648110840","amount":"0.00006608","price":"43082.10000000","tid":"13851588"},{"symbol":"BTC","type":"buy","date":"1648110840","amount":"0.00034000","price":"43082.10000000","tid":"13851587"},{"symbol":"BTC","type":"buy","date":"1648110839","amount":"0.00005542","price":"43082.10000000","tid":"13851586"},{"symbol":"BTC","type":"buy","date":"1648110839","amount":"0.00034458","price":"43082.10000000","tid":"13851585"},{"symbol":"BTC","type":"buy","date":"1648110839","amount":"0.00042000","price":"43082.10000000","tid":"13851584"},{"symbol":"BTC","type":"buy","date":"1648110838","amount":"0.00042000","price":"43082.10000000","tid":"13851583"},{"symbol":"BTC","type":"buy","date":"1648110825","amount":"0.00041000","price":"43082.10000000","tid":"13851582"},{"symbol":"BTC","type":"buy","date":"1648110683","amount":"0.00049000","price":"43082.10000000","tid":"13851581"},{"symbol":"BTC","type":"buy","date":"1648110577","amount":"0.00031316","price":"43079.10000000","tid":"13851580"},{"symbol":"BTC","type":"buy","date":"1648110572","amount":"0.00603564","price":"43079.10000000","tid":"13851579"},{"symbol":"BTC","type":"buy","date":"1648110396","amount":"0.04769786","price":"43099.20000000","tid":"13851578"},{"symbol":"BTC","type":"buy","date":"1648110396","amount":"0.01736683","price":"43070.50000000","tid":"13851577"},{"symbol":"BTC","type":"sell","date":"1648110124","amount":"0.00018939","price":"43061.80000000","tid":"13851576"},{"symbol":"BTC","type":"buy","date":"1648109997","amount":"0.00051922","price":"43063.90000000","tid":"13851575"},{"symbol":"BTC","type":"sell","date":"1648109960","amount":"0.00025100","price":"43066.00000000","tid":"13851574"},{"symbol":"BTC","type":"sell","date":"1648109960","amount":"0.00080000","price":"43066.00000000","tid":"13851573"},{"symbol":"BTC","type":"sell","date":"1648109959","amount":"0.00088100","price":"43066.00000000","tid":"13851572"},{"symbol":"BTC","type":"sell","date":"1648109959","amount":"0.00073000","price":"43066.00000000","tid":"13851571"},{"symbol":"BTC","type":"sell","date":"1648109959","amount":"0.00504902","price":"43066.00000000","tid":"13851570"},{"symbol":"BTC","type":"sell","date":"1648109958","amount":"0.00074100","price":"43066.00000000","tid":"13851569"},{"symbol":"BTC","type":"sell","date":"1648109810","amount":"0.01736597","price":"43074.60000000","tid":"13851568"},{"symbol":"BTC","type":"buy","date":"1648109768","amount":"0.00091115","price":"43077.00000000","tid":"13851567"},{"symbol":"BTC","type":"sell","date":"1648109759","amount":"0.00040000","price":"43056.70000000","tid":"13851566"},{"symbol":"BTC","type":"sell","date":"1648109759","amount":"0.00046300","price":"43056.70000000","tid":"13851565"},{"symbol":"BTC","type":"sell","date":"1648109758","amount":"0.00109000","price":"43056.70000000","tid":"13851564"},{"symbol":"BTC","type":"sell","date":"1648109758","amount":"0.00109500","price":"43056.70000000","tid":"13851563"},{"symbol":"BTC","type":"sell","date":"1648109758","amount":"0.00100000","price":"43056.70000000","tid":"13851562"},{"symbol":"BTC","type":"sell","date":"1648109756","amount":"0.00058000","price":"43056.70000000","tid":"13851561"},{"symbol":"BTC","type":"sell","date":"1648109755","amount":"0.01339977","price":"43085.60000000","tid":"13851560"},{"symbol":"BTC","type":"sell","date":"1648109755","amount":"0.00070000","price":"43085.60000000","tid":"13851559"},{"symbol":"BTC","type":"sell","date":"1648109755","amount":"0.00050000","price":"43085.60000000","tid":"13851558"},{"symbol":"BTC","type":"sell","date":"1648109755","amount":"0.00054000","price":"43085.60000000","tid":"13851557"},{"symbol":"BTC","type":"sell","date":"1648109755","amount":"0.00054000","price":"43085.60000000","tid":"13851556"},{"symbol":"BTC","type":"sell","date":"1648109755","amount":"0.00032000","price":"43085.60000000","tid":"13851555"},{"symbol":"BTC","type":"sell","date":"1648109755","amount":"0.00032400","price":"43085.60000000","tid":"13851554"},{"symbol":"BTC","type":"sell","date":"1648109752","amount":"0.00050000","price":"43085.60000000","tid":"13851553"},{"symbol":"BTC","type":"sell","date":"1648109750","amount":"0.00054000","price":"43085.60000000","tid":"13851552"},{"symbol":"BTC","type":"sell","date":"1648109746","amount":"0.00090000","price":"43091.10000000","tid":"13851551"},{"symbol":"BTC","type":"sell","date":"1648109746","amount":"0.00094000","price":"43091.10000000","tid":"13851550"},{"symbol":"BTC","type":"sell","date":"1648109746","amount":"0.00094000","price":"43091.10000000","tid":"13851549"},{"symbol":"BTC","type":"sell","date":"1648109746","amount":"0.00120300","price":"43091.10000000","tid":"13851548"},{"symbol":"BTC","type":"sell","date":"1648109744","amount":"0.00164000","price":"43091.10000000","tid":"13851547"},{"symbol":"BTC","type":"sell","date":"1648109744","amount":"0.00274800","price":"43091.10000000","tid":"13851546"},{"symbol":"BTC","type":"sell","date":"1648109743","amount":"0.00274800","price":"43091.10000000","tid":"13851545"},{"symbol":"BTC","type":"buy","date":"1648109617","amount":"0.00347000","price":"43118.30000000","tid":"13851544"},{"symbol":"BTC","type":"buy","date":"1648109617","amount":"0.00702101","price":"43089.40000000","tid":"13851543"},{"symbol":"BTC","type":"buy","date":"1648109617","amount":"0.00347200","price":"43089.40000000","tid":"13851542"},{"symbol":"BTC","type":"buy","date":"1648109617","amount":"0.00340000","price":"43089.40000000","tid":"13851541"},{"symbol":"BTC","type":"buy","date":"1648109616","amount":"0.00347000","price":"43089.40000000","tid":"13851540"},{"symbol":"BTC","type":"buy","date":"1648109613","amount":"0.00090674","price":"43080.80000000","tid":"13851539"},{"symbol":"BTC","type":"buy","date":"1648109610","amount":"0.00050000","price":"43080.80000000","tid":"13851538"},{"symbol":"BTC","type":"buy","date":"1648109610","amount":"0.00084800","price":"43080.80000000","tid":"13851537"},{"symbol":"BTC","type":"buy","date":"1648109610","amount":"0.00056000","price":"43080.80000000","tid":"13851536"},{"symbol":"BTC","type":"buy","date":"1648109609","amount":"0.00301000","price":"43080.80000000","tid":"13851535"},{"symbol":"BTC","type":"buy","date":"1648109609","amount":"0.00181200","price":"43080.80000000","tid":"13851534"},{"symbol":"BTC","type":"buy","date":"1648109608","amount":"0.00301800","price":"43080.80000000","tid":"13851533"},{"symbol":"BTC","type":"buy","date":"1648109608","amount":"0.00301000","price":"43080.80000000","tid":"13851532"},{"symbol":"BTC","type":"buy","date":"1648109606","amount":"0.00370000","price":"43080.80000000","tid":"13851531"},{"symbol":"BTC","type":"sell","date":"1648109344","amount":"0.00087705","price":"43072.60000000","tid":"13851530"},{"symbol":"BTC","type":"buy","date":"1648109211","amount":"0.00046317","price":"43072.70000000","tid":"13851529"},{"symbol":"BTC","type":"buy","date":"1648109208","amount":"0.00384535","price":"43072.70000000","tid":"13851528"},{"symbol":"BTC","type":"sell","date":"1648109110","amount":"0.01736466","price":"43081.20000000","tid":"13851527"},{"symbol":"BTC","type":"buy","date":"1648109080","amount":"0.01736292","price":"43086.50000000","tid":"13851526"},{"symbol":"BTC","type":"buy","date":"1648109056","amount":"0.01736118","price":"43084.70000000","tid":"13851525"},{"symbol":"BTC","type":"buy","date":"1648109031","amount":"0.01735945","price":"43086.90000000","tid":"13851524"},{"symbol":"BTC","type":"sell","date":"1648109010","amount":"0.01735771","price":"43115.60000000","tid":"13851523"},{"symbol":"BTC","type":"sell","date":"1648108957","amount":"0.00030000","price":"43116.40000000","tid":"13851522"},{"symbol":"BTC","type":"sell","date":"1648108957","amount":"0.00030000","price":"43116.40000000","tid":"13851521"},{"symbol":"BTC","type":"sell","date":"1648108950","amount":"0.00040000","price":"43116.40000000","tid":"13851520"},{"symbol":"BTC","type":"sell","date":"1648108950","amount":"0.00049800","price":"43116.40000000","tid":"13851519"},{"symbol":"BTC","type":"sell","date":"1648108945","amount":"0.00038500","price":"43119.40000000","tid":"13851518"},{"symbol":"BTC","type":"sell","date":"1648108944","amount":"0.00110000","price":"43119.40000000","tid":"13851517"},{"symbol":"BTC","type":"sell","date":"1648108943","amount":"0.00160000","price":"43119.40000000","tid":"13851516"},{"symbol":"BTC","type":"sell","date":"1648108939","amount":"0.00130000","price":"43119.40000000","tid":"13851515"},{"symbol":"BTC","type":"sell","date":"1648108938","amount":"0.00160000","price":"43119.40000000","tid":"13851514"},{"symbol":"BTC","type":"sell","date":"1648108930","amount":"0.00120000","price":"43125.40000000","tid":"13851513"},{"symbol":"BTC","type":"sell","date":"1648108926","amount":"0.00180000","price":"43125.40000000","tid":"13851512"},{"symbol":"BTC","type":"sell","date":"1648108925","amount":"0.00230000","price":"43125.40000000","tid":"13851511"},{"symbol":"BTC","type":"sell","date":"1648108925","amount":"0.00180000","price":"43125.40000000","tid":"13851510"},{"symbol":"BTC","type":"sell","date":"1648108923","amount":"0.00230000","price":"43125.40000000","tid":"13851509"},{"symbol":"BTC","type":"sell","date":"1648108917","amount":"0.00280000","price":"43125.40000000","tid":"13851508"},{"symbol":"BTC","type":"sell","date":"1648108795","amount":"0.00347100","price":"43127.40000000","tid":"13851507"},{"symbol":"BTC","type":"sell","date":"1648108791","amount":"0.00050502","price":"43127.40000000","tid":"13851506"},{"symbol":"BTC","type":"sell","date":"1648108612","amount":"0.12837154","price":"43107.40000000","tid":"13851505"},{"symbol":"BTC","type":"sell","date":"1648108612","amount":"0.01735361","price":"43136.00000000","tid":"13851504"},{"symbol":"BTC","type":"sell","date":"1648108320","amount":"0.01735361","price":"43147.30000000","tid":"13851503"},{"symbol":"BTC","type":"sell","date":"1648108286","amount":"0.01735534","price":"43147.20000000","tid":"13851502"},{"symbol":"BTC","type":"buy","date":"1648108281","amount":"0.00042900","price":"43147.40000000","tid":"13851501"},{"symbol":"BTC","type":"buy","date":"1648108281","amount":"0.00034084","price":"43147.40000000","tid":"13851500"},{"symbol":"BTC","type":"buy","date":"1648108281","amount":"0.00215916","price":"43118.50000000","tid":"13851499"},{"symbol":"BTC","type":"buy","date":"1648108281","amount":"0.00183700","price":"43118.50000000","tid":"13851498"},{"symbol":"BTC","type":"buy","date":"1648108281","amount":"0.00133000","price":"43118.50000000","tid":"13851497"},{"symbol":"BTC","type":"buy","date":"1648108280","amount":"0.00133000","price":"43118.50000000","tid":"13851496"},{"symbol":"BTC","type":"buy","date":"1648108279","amount":"0.00253000","price":"43118.50000000","tid":"13851495"},{"symbol":"BTC","type":"buy","date":"1648108279","amount":"0.00347100","price":"43118.50000000","tid":"13851494"},{"symbol":"BTC","type":"buy","date":"1648108278","amount":"0.00340000","price":"43118.50000000","tid":"13851493"},{"symbol":"BTC","type":"buy","date":"1648108278","amount":"0.00130000","price":"43118.50000000","tid":"13851492"},{"symbol":"BTC","type":"buy","date":"1648108253","amount":"0.00277700","price":"43110.20000000","tid":"13851491"},{"symbol":"BTC","type":"buy","date":"1648108253","amount":"0.00270000","price":"43110.20000000","tid":"13851490"},{"symbol":"BTC","type":"buy","date":"1648108253","amount":"0.00277000","price":"43110.20000000","tid":"13851489"},{"symbol":"BTC","type":"buy","date":"1648108253","amount":"0.00222300","price":"43110.20000000","tid":"13851488"},{"symbol":"BTC","type":"buy","date":"1648108252","amount":"0.00277000","price":"43110.20000000","tid":"13851487"},{"symbol":"BTC","type":"buy","date":"1648108250","amount":"0.00347000","price":"43110.20000000","tid":"13851486"},{"symbol":"BTC","type":"buy","date":"1648108243","amount":"0.00220000","price":"43106.00000000","tid":"13851485"},{"symbol":"BTC","type":"buy","date":"1648108239","amount":"0.00631652","price":"43106.00000000","tid":"13851484"},{"symbol":"BTC","type":"sell","date":"1648108108","amount":"0.00104315","price":"43102.70000000","tid":"13851483"},{"symbol":"BTC","type":"sell","date":"1648108006","amount":"0.00010626","price":"43097.30000000","tid":"13851482"},{"symbol":"BTC","type":"sell","date":"1648108006","amount":"0.00021074","price":"43104.70000000","tid":"13851481"},{"symbol":"BTC","type":"sell","date":"1648108002","amount":"0.00028000","price":"43104.70000000","tid":"13851480"},{"symbol":"BTC","type":"sell","date":"1648108001","amount":"0.00039700","price":"43104.70000000","tid":"13851479"},{"symbol":"BTC","type":"sell","date":"1648107998","amount":"0.00055200","price":"43104.70000000","tid":"13851478"},{"symbol":"BTC","type":"sell","date":"1648107996","amount":"0.00055000","price":"43104.70000000","tid":"13851477"},{"symbol":"BTC","type":"sell","date":"1648107996","amount":"0.00050000","price":"43104.70000000","tid":"13851476"},{"symbol":"BTC","type":"sell","date":"1648107996","amount":"0.00027300","price":"43104.70000000","tid":"13851475"},{"symbol":"BTC","type":"sell","date":"1648107994","amount":"0.00110000","price":"43104.70000000","tid":"13851474"},{"symbol":"BTC","type":"sell","date":"1648107994","amount":"0.00114000","price":"43104.70000000","tid":"13851473"},{"symbol":"BTC","type":"sell","date":"1648107994","amount":"0.00036000","price":"43104.70000000","tid":"13851472"},{"symbol":"BTC","type":"sell","date":"1648107994","amount":"0.00033733","price":"43104.70000000","tid":"13851471"},{"symbol":"BTC","type":"sell","date":"1648107994","amount":"0.00080267","price":"43105.90000000","tid":"13851470"},{"symbol":"BTC","type":"sell","date":"1648107990","amount":"0.00030000","price":"43105.90000000","tid":"13851469"},{"symbol":"BTC","type":"sell","date":"1648107990","amount":"0.00036700","price":"43105.90000000","tid":"13851468"},{"symbol":"BTC","type":"sell","date":"1648107989","amount":"0.00036700","price":"43105.90000000","tid":"13851467"},{"symbol":"BTC","type":"sell","date":"1648107986","amount":"0.00045900","price":"43105.90000000","tid":"13851466"},{"symbol":"BTC","type":"sell","date":"1648107984","amount":"0.00057300","price":"43105.90000000","tid":"13851465"},{"symbol":"BTC","type":"sell","date":"1648107981","amount":"0.00070000","price":"43105.90000000","tid":"13851464"},{"symbol":"BTC","type":"sell","date":"1648107981","amount":"0.00294000","price":"43105.90000000","tid":"13851463"},{"symbol":"BTC","type":"sell","date":"1648107980","amount":"0.00110000","price":"43105.90000000","tid":"13851462"},{"symbol":"BTC","type":"sell","date":"1648107979","amount":"0.00347100","price":"43105.90000000","tid":"13851461"},{"symbol":"BTC","type":"sell","date":"1648107979","amount":"0.00144000","price":"43105.90000000","tid":"13851460"},{"symbol":"BTC","type":"sell","date":"1648107977","amount":"0.00180000","price":"43105.90000000","tid":"13851459"},{"symbol":"BTC","type":"sell","date":"1648107974","amount":"0.00071000","price":"43105.90000000","tid":"13851458"},{"symbol":"BTC","type":"sell","date":"1648107962","amount":"0.00233000","price":"43105.90000000","tid":"13851457"},{"symbol":"BTC","type":"buy","date":"1648107959","amount":"0.03445200","price":"43107.80000000","tid":"13851456"},{"symbol":"BTC","type":"sell","date":"1648107955","amount":"0.00087100","price":"43107.90000000","tid":"13851455"},{"symbol":"BTC","type":"sell","date":"1648107955","amount":"0.00045700","price":"43107.90000000","tid":"13851454"},{"symbol":"BTC","type":"sell","date":"1648107954","amount":"0.00087100","price":"43107.90000000","tid":"13851453"},{"symbol":"BTC","type":"sell","date":"1648107954","amount":"0.00080000","price":"43107.90000000","tid":"13851452"},{"symbol":"BTC","type":"sell","date":"1648107954","amount":"0.00098000","price":"43107.90000000","tid":"13851451"},{"symbol":"BTC","type":"sell","date":"1648107936","amount":"0.00060000","price":"43123.80000000","tid":"13851450"},{"symbol":"BTC","type":"sell","date":"1648107936","amount":"0.00191400","price":"43123.80000000","tid":"13851449"},{"symbol":"BTC","type":"sell","date":"1648107936","amount":"0.00153000","price":"43123.80000000","tid":"13851448"},{"symbol":"BTC","type":"sell","date":"1648107934","amount":"0.00122500","price":"43123.80000000","tid":"13851447"},{"symbol":"BTC","type":"sell","date":"1648107934","amount":"0.00153200","price":"43123.80000000","tid":"13851446"},{"symbol":"BTC","type":"sell","date":"1648107933","amount":"0.00191000","price":"43123.80000000","tid":"13851445"},{"symbol":"BTC","type":"sell","date":"1648107932","amount":"0.00474900","price":"43123.80000000","tid":"13851444"},{"symbol":"BTC","type":"sell","date":"1648107931","amount":"0.00593000","price":"43123.80000000","tid":"13851443"},{"symbol":"BTC","type":"sell","date":"1648107930","amount":"0.00593700","price":"43123.80000000","tid":"13851442"},{"symbol":"BTC","type":"sell","date":"1648107928","amount":"0.01470000","price":"43123.80000000","tid":"13851441"},{"symbol":"BTC","type":"sell","date":"1648107928","amount":"0.01263400","price":"43123.80000000","tid":"13851440"},{"symbol":"BTC","type":"sell","date":"1648107928","amount":"0.00146000","price":"43123.80000000","tid":"13851439"},{"symbol":"BTC","type":"sell","date":"1648107927","amount":"0.01870300","price":"43123.80000000","tid":"13851438"},{"symbol":"BTC","type":"buy","date":"1648107915","amount":"0.01735025","price":"43147.70000000","tid":"13851437"},{"symbol":"BTC","type":"buy","date":"1648107890","amount":"0.01734852","price":"43150.70000000","tid":"13851436"},{"symbol":"BTC","type":"sell","date":"1648107886","amount":"0.00048197","price":"43141.30000000","tid":"13851435"},{"symbol":"BTC","type":"sell","date":"1648107886","amount":"0.00068173","price":"43170.20000000","tid":"13851434"},{"symbol":"BTC","type":"sell","date":"1648107883","amount":"0.00086000","price":"43170.20000000","tid":"13851433"},{"symbol":"BTC","type":"sell","date":"1648107883","amount":"0.00140000","price":"43170.20000000","tid":"13851432"},{"symbol":"BTC","type":"sell","date":"1648107883","amount":"0.00144500","price":"43170.20000000","tid":"13851431"},{"symbol":"BTC","type":"sell","date":"1648107882","amount":"0.00140000","price":"43170.20000000","tid":"13851430"},{"symbol":"BTC","type":"sell","date":"1648107881","amount":"0.00144000","price":"43170.20000000","tid":"13851429"},{"symbol":"BTC","type":"sell","date":"1648107878","amount":"0.00180600","price":"43170.20000000","tid":"13851428"},{"symbol":"BTC","type":"sell","date":"1648107876","amount":"0.00078900","price":"43170.20000000","tid":"13851427"},{"symbol":"BTC","type":"sell","date":"1648107874","amount":"0.00245500","price":"43170.20000000","tid":"13851426"},{"symbol":"BTC","type":"buy","date":"1648107872","amount":"0.00219502","price":"43170.30000000","tid":"13851425"},{"symbol":"BTC","type":"sell","date":"1648107872","amount":"0.00161000","price":"43170.20000000","tid":"13851424"},{"symbol":"BTC","type":"sell","date":"1648107871","amount":"0.00346000","price":"43170.20000000","tid":"13851423"},{"symbol":"BTC","type":"sell","date":"1648107851","amount":"0.01734500","price":"43178.90000000","tid":"13851422"},{"symbol":"BTC","type":"buy","date":"1648107839","amount":"0.00433106","price":"43155.70000000","tid":"13851421"},{"symbol":"BTC","type":"buy","date":"1648107828","amount":"0.07055854","price":"43172.80000000","tid":"13851420"},{"symbol":"BTC","type":"buy","date":"1648107828","amount":"0.03477225","price":"43172.50000000","tid":"13851419"},{"symbol":"BTC","type":"buy","date":"1648107828","amount":"0.01735206","price":"43143.80000000","tid":"13851418"},{"symbol":"BTC","type":"buy","date":"1648107820","amount":"0.00433246","price":"43141.70000000","tid":"13851417"},{"symbol":"BTC","type":"sell","date":"1648107790","amount":"0.01735423","price":"43140.60000000","tid":"13851416"},{"symbol":"BTC","type":"buy","date":"1648107787","amount":"0.00670000","price":"43142.20000000","tid":"13851415"},{"symbol":"BTC","type":"buy","date":"1648107783","amount":"0.00920000","price":"43142.20000000","tid":"13851414"},{"symbol":"BTC","type":"buy","date":"1648107781","amount":"0.00643370","price":"43142.20000000","tid":"13851413"},{"symbol":"BTC","type":"buy","date":"1648107781","amount":"0.00116630","price":"43130.00000000","tid":"13851412"},{"symbol":"BTC","type":"buy","date":"1648107778","amount":"0.00030000","price":"43130.00000000","tid":"13851411"},{"symbol":"BTC","type":"buy","date":"1648107778","amount":"0.00036000","price":"43130.00000000","tid":"13851410"},{"symbol":"BTC","type":"buy","date":"1648107777","amount":"0.00060000","price":"43130.00000000","tid":"13851409"},{"symbol":"BTC","type":"buy","date":"1648107777","amount":"0.00090000","price":"43130.00000000","tid":"13851408"},{"symbol":"BTC","type":"buy","date":"1648107776","amount":"0.00120000","price":"43130.00000000","tid":"13851407"},{"symbol":"BTC","type":"buy","date":"1648107774","amount":"0.00148000","price":"43130.00000000","tid":"13851406"},{"symbol":"BTC","type":"buy","date":"1648107774","amount":"0.00140000","price":"43130.00000000","tid":"13851405"},{"symbol":"BTC","type":"buy","date":"1648107772","amount":"0.00332000","price":"43130.00000000","tid":"13851404"},{"symbol":"BTC","type":"buy","date":"1648107772","amount":"0.00260000","price":"43130.00000000","tid":"13851403"},{"symbol":"BTC","type":"buy","date":"1648107770","amount":"0.00330000","price":"43130.00000000","tid":"13851402"},{"symbol":"BTC","type":"sell","date":"1648107762","amount":"0.01735819","price":"43129.90000000","tid":"13851401"},{"symbol":"BTC","type":"buy","date":"1648107750","amount":"0.00084000","price":"43130.00000000","tid":"13851400"},{"symbol":"BTC","type":"buy","date":"1648107750","amount":"0.00429993","price":"43104.70000000","tid":"13851399"},{"symbol":"BTC","type":"buy","date":"1648107749","amount":"0.00105000","price":"43104.70000000","tid":"13851398"},{"symbol":"BTC","type":"buy","date":"1648107748","amount":"0.00132000","price":"43104.70000000","tid":"13851397"},{"symbol":"BTC","type":"buy","date":"1648107747","amount":"0.00242000","price":"43104.70000000","tid":"13851396"},{"symbol":"BTC","type":"buy","date":"1648107747","amount":"0.00310000","price":"43104.70000000","tid":"13851395"},{"symbol":"BTC","type":"buy","date":"1648107745","amount":"0.00347000","price":"43104.70000000","tid":"13851394"},{"symbol":"BTC","type":"buy","date":"1648107743","amount":"0.00170000","price":"43104.70000000","tid":"13851393"},{"symbol":"BTC","type":"buy","date":"1648107729","amount":"0.00228000","price":"43100.60000000","tid":"13851392"},{"symbol":"BTC","type":"buy","date":"1648107728","amount":"0.00285000","price":"43100.60000000","tid":"13851391"},{"symbol":"BTC","type":"buy","date":"1648107726","amount":"0.00310000","price":"43100.60000000","tid":"13851390"},{"symbol":"BTC","type":"buy","date":"1648107720","amount":"0.00029400","price":"43092.30000000","tid":"13851389"},{"symbol":"BTC","type":"buy","date":"1648107720","amount":"0.00029000","price":"43092.30000000","tid":"13851388"},{"symbol":"BTC","type":"buy","date":"1648107719","amount":"0.00029000","price":"43092.30000000","tid":"13851387"},{"symbol":"BTC","type":"buy","date":"1648107718","amount":"0.00277800","price":"43092.30000000","tid":"13851386"},{"symbol":"BTC","type":"buy","date":"1648107718","amount":"0.00340000","price":"43092.30000000","tid":"13851385"},{"symbol":"BTC","type":"buy","date":"1648107718","amount":"0.00347000","price":"43092.30000000","tid":"13851384"},{"symbol":"BTC","type":"buy","date":"1648107718","amount":"0.00277000","price":"43092.30000000","tid":"13851383"},{"symbol":"BTC","type":"buy","date":"1648107718","amount":"0.00347000","price":"43092.30000000","tid":"13851382"},{"symbol":"BTC","type":"buy","date":"1648107694","amount":"0.00245000","price":"43088.20000000","tid":"13851381"},{"symbol":"BTC","type":"buy","date":"1648107693","amount":"0.00080000","price":"43088.20000000","tid":"13851380"},{"symbol":"BTC","type":"buy","date":"1648107692","amount":"0.00307000","price":"43088.20000000","tid":"13851379"},{"symbol":"BTC","type":"buy","date":"1648107679","amount":"0.00200000","price":"43088.20000000","tid":"13851378"},{"symbol":"BTC","type":"buy","date":"1648107673","amount":"0.00340000","price":"43084.80000000","tid":"13851377"},{"symbol":"BTC","type":"buy","date":"1648107673","amount":"0.00347000","price":"43084.80000000","tid":"13851376"},{"symbol":"BTC","type":"buy","date":"1648107663","amount":"0.00200000","price":"43083.80000000","tid":"13851375"},{"symbol":"BTC","type":"buy","date":"1648107645","amount":"0.00039300","price":"43075.80000000","tid":"13851374"},{"symbol":"BTC","type":"buy","date":"1648107645","amount":"0.00039000","price":"43075.80000000","tid":"13851373"},{"symbol":"BTC","type":"buy","date":"1648107643","amount":"0.00048000","price":"43075.80000000","tid":"13851372"},{"symbol":"BTC","type":"buy","date":"1648107643","amount":"0.00130000","price":"43075.80000000","tid":"13851371"},{"symbol":"BTC","type":"buy","date":"1648107642","amount":"0.00166000","price":"43075.80000000","tid":"13851370"},{"symbol":"BTC","type":"buy","date":"1648107642","amount":"0.00134000","price":"43075.80000000","tid":"13851369"},{"symbol":"BTC","type":"buy","date":"1648107639","amount":"0.00160000","price":"43075.80000000","tid":"13851368"},{"symbol":"BTC","type":"buy","date":"1648107637","amount":"0.00277000","price":"43075.80000000","tid":"13851367"},{"symbol":"BTC","type":"buy","date":"1648107637","amount":"0.00277900","price":"43075.80000000","tid":"13851366"},{"symbol":"BTC","type":"buy","date":"1648107636","amount":"0.00347000","price":"43075.80000000","tid":"13851365"},{"symbol":"BTC","type":"buy","date":"1648107623","amount":"0.00103000","price":"43069.20000000","tid":"13851364"},{"symbol":"BTC","type":"buy","date":"1648107610","amount":"0.00246000","price":"43069.20000000","tid":"13851363"},{"symbol":"BTC","type":"buy","date":"1648107610","amount":"0.00277000","price":"43069.20000000","tid":"13851362"},{"symbol":"BTC","type":"buy","date":"1648107610","amount":"0.00347300","price":"43069.20000000","tid":"13851361"},{"symbol":"BTC","type":"buy","date":"1648107609","amount":"0.00347000","price":"43069.20000000","tid":"13851360"},{"symbol":"BTC","type":"buy","date":"1648107534","amount":"0.00250326","price":"43068.00000000","tid":"13851359"},{"symbol":"BTC","type":"buy","date":"1648107350","amount":"0.00066903","price":"43061.80000000","tid":"13851358"},{"symbol":"BTC","type":"sell","date":"1648107325","amount":"0.00050000","price":"43067.70000000","tid":"13851357"},{"symbol":"BTC","type":"sell","date":"1648107325","amount":"0.00060000","price":"43067.70000000","tid":"13851356"},{"symbol":"BTC","type":"sell","date":"1648107325","amount":"0.00035000","price":"43067.70000000","tid":"13851355"},{"symbol":"BTC","type":"sell","date":"1648107323","amount":"0.00044000","price":"43067.70000000","tid":"13851354"},{"symbol":"BTC","type":"sell","date":"1648107322","amount":"0.00065000","price":"43067.70000000","tid":"13851353"},{"symbol":"BTC","type":"sell","date":"1648107320","amount":"0.00040000","price":"43067.70000000","tid":"13851352"},{"symbol":"BTC","type":"sell","date":"1648107318","amount":"0.00347300","price":"43067.70000000","tid":"13851351"},{"symbol":"BTC","type":"sell","date":"1648107318","amount":"0.00168000","price":"43067.70000000","tid":"13851350"},{"symbol":"BTC","type":"sell","date":"1648107316","amount":"0.00277000","price":"43067.70000000","tid":"13851349"},{"symbol":"BTC","type":"sell","date":"1648107314","amount":"0.00270000","price":"43067.70000000","tid":"13851348"},{"symbol":"BTC","type":"sell","date":"1648107311","amount":"0.00347000","price":"43067.70000000","tid":"13851347"},{"symbol":"BTC","type":"sell","date":"1648107301","amount":"0.00270000","price":"43076.10000000","tid":"13851346"},{"symbol":"BTC","type":"sell","date":"1648107301","amount":"0.00270000","price":"43076.10000000","tid":"13851345"},{"symbol":"BTC","type":"sell","date":"1648107301","amount":"0.00306000","price":"43076.10000000","tid":"13851344"},{"symbol":"BTC","type":"sell","date":"1648107301","amount":"0.00222000","price":"43076.10000000","tid":"13851343"},{"symbol":"BTC","type":"sell","date":"1648107300","amount":"0.00277000","price":"43076.10000000","tid":"13851342"},{"symbol":"BTC","type":"sell","date":"1648107298","amount":"0.00347000","price":"43076.10000000","tid":"13851341"},{"symbol":"BTC","type":"sell","date":"1648107293","amount":"0.00210000","price":"43084.30000000","tid":"13851340"},{"symbol":"BTC","type":"sell","date":"1648107292","amount":"0.00072000","price":"43084.30000000","tid":"13851339"},{"symbol":"BTC","type":"sell","date":"1648107290","amount":"0.00347200","price":"43084.30000000","tid":"13851338"},{"symbol":"BTC","type":"sell","date":"1648107290","amount":"0.00347000","price":"43084.30000000","tid":"13851337"},{"symbol":"BTC","type":"sell","date":"1648107289","amount":"0.00340000","price":"43084.30000000","tid":"13851336"},{"symbol":"BTC","type":"sell","date":"1648107289","amount":"0.00340000","price":"43084.30000000","tid":"13851335"},{"symbol":"BTC","type":"buy","date":"1648107272","amount":"0.00359388","price":"43089.90000000","tid":"13851334"},{"symbol":"BTC","type":"sell","date":"1648107269","amount":"0.00211000","price":"43089.80000000","tid":"13851333"},{"symbol":"BTC","type":"sell","date":"1648107268","amount":"0.00211500","price":"43089.80000000","tid":"13851332"},{"symbol":"BTC","type":"sell","date":"1648107267","amount":"0.00347000","price":"43089.80000000","tid":"13851331"},{"symbol":"BTC","type":"sell","date":"1648107267","amount":"0.00331700","price":"43089.80000000","tid":"13851330"},{"symbol":"BTC","type":"sell","date":"1648107099","amount":"0.00366545","price":"43098.30000000","tid":"13851329"},{"symbol":"BTC","type":"buy","date":"1648107084","amount":"0.00263682","price":"43117.50000000","tid":"13851328"},{"symbol":"BTC","type":"buy","date":"1648107084","amount":"0.00736318","price":"43088.60000000","tid":"13851327"},{"symbol":"BTC","type":"buy","date":"1648107080","amount":"0.01000000","price":"43088.60000000","tid":"13851326"},{"symbol":"BTC","type":"buy","date":"1648107073","amount":"0.01000000","price":"43081.90000000","tid":"13851325"},{"symbol":"BTC","type":"buy","date":"1648107063","amount":"0.00347000","price":"43081.90000000","tid":"13851324"},{"symbol":"BTC","type":"buy","date":"1648107051","amount":"0.00174000","price":"43079.30000000","tid":"13851323"},{"symbol":"BTC","type":"buy","date":"1648107045","amount":"0.00347000","price":"43079.30000000","tid":"13851322"},{"symbol":"BTC","type":"buy","date":"1648107038","amount":"0.00270000","price":"43074.90000000","tid":"13851321"},{"symbol":"BTC","type":"buy","date":"1648107038","amount":"0.00277000","price":"43074.90000000","tid":"13851320"},{"symbol":"BTC","type":"buy","date":"1648107034","amount":"0.00347000","price":"43074.90000000","tid":"13851319"},{"symbol":"BTC","type":"buy","date":"1648107024","amount":"0.00277000","price":"43071.80000000","tid":"13851318"},{"symbol":"BTC","type":"buy","date":"1648107021","amount":"0.00347000","price":"43071.80000000","tid":"13851317"},{"symbol":"BTC","type":"buy","date":"1648106986","amount":"0.00051000","price":"43064.20000000","tid":"13851316"},{"symbol":"BTC","type":"buy","date":"1648106981","amount":"0.00080000","price":"43064.20000000","tid":"13851315"},{"symbol":"BTC","type":"buy","date":"1648106980","amount":"0.00083000","price":"43064.20000000","tid":"13851314"},{"symbol":"BTC","type":"buy","date":"1648106963","amount":"0.00154000","price":"43064.20000000","tid":"13851313"},{"symbol":"BTC","type":"buy","date":"1648106963","amount":"0.00200000","price":"43064.20000000","tid":"13851312"},{"symbol":"BTC","type":"buy","date":"1648106960","amount":"0.00277000","price":"43064.20000000","tid":"13851311"},{"symbol":"BTC","type":"buy","date":"1648106959","amount":"0.00340000","price":"43064.20000000","tid":"13851310"},{"symbol":"BTC","type":"buy","date":"1648106958","amount":"0.00347000","price":"43064.20000000","tid":"13851309"},{"symbol":"BTC","type":"buy","date":"1648106953","amount":"0.00038000","price":"43056.00000000","tid":"13851308"}