[{"type":"buy","date":"1648118440","amount":"0.10000000","price":"3053.59","tid":"5932474"},{"type":"buy","date":"1648118426","amount":"0.09000000","price":"3053.29","tid":"5932473"},{"type":"buy","date":"1648118424","amount":"0.11200000","price":"3053.29","tid":"5932472"},{"type":"buy","date":"1648118422","amount":"0.14000000","price":"3053.29","tid":"5932471"},{"type":"buy","date":"1648118379","amount":"0.11200000","price":"3053.07","tid":"5932470"},{"type":"buy","date":"1648118370","amount":"0.14000000","price":"3053.07","tid":"5932469"},{"type":"buy","date":"1648118364","amount":"0.11200000","price":"3052.86","tid":"5932468"},{"type":"buy","date":"1648118359","amount":"0.14000000","price":"3052.86","tid":"5932467"},{"type":"buy","date":"1648118344","amount":"0.12100000","price":"3052.67","tid":"5932466"},{"type":"buy","date":"1648118339","amount":"0.09800000","price":"3052.67","tid":"5932465"},{"type":"buy","date":"1648118334","amount":"0.12200000","price":"3052.48","tid":"5932464"},{"type":"buy","date":"1648118319","amount":"0.09000000","price":"3052.48","tid":"5932463"},{"type":"buy","date":"1648118311","amount":"0.11200000","price":"3052.26","tid":"5932462"},{"type":"buy","date":"1648118309","amount":"0.14000000","price":"3052.26","tid":"5932461"},{"type":"sell","date":"1648118241","amount":"0.11100000","price":"3051.15","tid":"5932460"},{"type":"sell","date":"1648118241","amount":"0.71900000","price":"3052.45","tid":"5932459"},{"type":"sell","date":"1648118238","amount":"0.70393100","price":"3052.45","tid":"5932458"},{"type":"sell","date":"1648118230","amount":"0.70400100","price":"3051.75","tid":"5932457"},{"type":"sell","date":"1648118213","amount":"0.03312300","price":"3051.75","tid":"5932456"},{"type":"sell","date":"1648118205","amount":"0.70407200","price":"3050.85","tid":"5932455"},{"type":"sell","date":"1648118181","amount":"0.70414200","price":"3051.25","tid":"5932454"},{"type":"buy","date":"1648118177","amount":"0.23321300","price":"3049.21","tid":"5932453"},{"type":"buy","date":"1648118176","amount":"0.05700000","price":"3049.21","tid":"5932452"},{"type":"buy","date":"1648118174","amount":"0.07200000","price":"3049.21","tid":"5932451"},{"type":"buy","date":"1648118173","amount":"0.09000000","price":"3049.21","tid":"5932450"},{"type":"buy","date":"1648118169","amount":"0.11200000","price":"3049.21","tid":"5932449"},{"type":"buy","date":"1648118158","amount":"0.14000000","price":"3049.21","tid":"5932448"},{"type":"buy","date":"1648118148","amount":"0.14000000","price":"3049.09","tid":"5932447"},{"type":"sell","date":"1648118119","amount":"0.06682800","price":"3048.56","tid":"5932446"},{"type":"sell","date":"1648118106","amount":"0.01000000","price":"3048.57","tid":"5932445"},{"type":"sell","date":"1648118095","amount":"0.02000000","price":"3048.76","tid":"5932444"},{"type":"buy","date":"1648117892","amount":"0.14000000","price":"3048.97","tid":"5932443"},{"type":"buy","date":"1648117705","amount":"0.08100000","price":"3048.9","tid":"5932442"},{"type":"buy","date":"1648117690","amount":"0.10200000","price":"3048.64","tid":"5932441"},{"type":"buy","date":"1648117688","amount":"0.12700000","price":"3048.64","tid":"5932440"},{"type":"buy","date":"1648117679","amount":"0.02808100","price":"3048.64","tid":"5932439"},{"type":"sell","date":"1648117678","amount":"0.03880000","price":"3049.14","tid":"5932438"},{"type":"sell","date":"1648117654","amount":"0.70434900","price":"3049.36","tid":"5932437"},{"type":"buy","date":"1648117651","amount":"0.37751900","price":"3047.42","tid":"5932436"},{"type":"buy","date":"1648117650","amount":"0.01690000","price":"3047.42","tid":"5932435"},{"type":"buy","date":"1648117649","amount":"0.09800000","price":"3047.42","tid":"5932434"},{"type":"buy","date":"1648117642","amount":"0.12200000","price":"3047.42","tid":"5932433"},{"type":"buy","date":"1648117640","amount":"0.09000000","price":"3047.42","tid":"5932432"},{"type":"buy","date":"1648117636","amount":"0.11200000","price":"3047.21","tid":"5932431"},{"type":"buy","date":"1648117630","amount":"0.14000000","price":"3047.21","tid":"5932430"},{"type":"buy","date":"1648117620","amount":"0.12200000","price":"3047.02","tid":"5932429"},{"type":"buy","date":"1648117597","amount":"0.09000000","price":"3047.02","tid":"5932428"},{"type":"buy","date":"1648117592","amount":"0.01920000","price":"3046.79","tid":"5932427"},{"type":"buy","date":"1648117590","amount":"0.11200000","price":"3046.79","tid":"5932426"},{"type":"buy","date":"1648117588","amount":"0.14000000","price":"3046.79","tid":"5932425"},{"type":"buy","date":"1648117580","amount":"0.08300000","price":"3046.72","tid":"5932424"},{"type":"buy","date":"1648117571","amount":"0.10400000","price":"3046.47","tid":"5932423"},{"type":"buy","date":"1648117567","amount":"0.00400000","price":"3046.47","tid":"5932422"},{"type":"buy","date":"1648117565","amount":"0.04100000","price":"3046.47","tid":"5932421"},{"type":"buy","date":"1648117553","amount":"0.14000000","price":"3046.47","tid":"5932420"},{"type":"buy","date":"1648117545","amount":"0.05000000","price":"3046.3","tid":"5932419"},{"type":"buy","date":"1648117539","amount":"0.14000000","price":"3046.3","tid":"5932418"},{"type":"buy","date":"1648117519","amount":"0.13200000","price":"3045.99","tid":"5932417"},{"type":"buy","date":"1648117519","amount":"0.03000000","price":"3045.99","tid":"5932416"},{"type":"buy","date":"1648117515","amount":"0.03000000","price":"3045.99","tid":"5932415"},{"type":"buy","date":"1648117515","amount":"0.04000000","price":"3045.99","tid":"5932414"},{"type":"buy","date":"1648117514","amount":"0.13200000","price":"3045.95","tid":"5932413"},{"type":"buy","date":"1648117509","amount":"0.04010000","price":"3045.95","tid":"5932412"},{"type":"buy","date":"1648117487","amount":"0.04000000","price":"3045.36","tid":"5932411"},{"type":"buy","date":"1648117487","amount":"0.03400000","price":"3045.36","tid":"5932410"},{"type":"buy","date":"1648117487","amount":"0.02000000","price":"3045.36","tid":"5932409"},{"type":"buy","date":"1648117487","amount":"0.02730000","price":"3045.36","tid":"5932408"},{"type":"buy","date":"1648117486","amount":"0.03410000","price":"3045.36","tid":"5932407"},{"type":"buy","date":"1648117485","amount":"0.04270000","price":"3045.36","tid":"5932406"},{"type":"buy","date":"1648117484","amount":"0.07610000","price":"3045.36","tid":"5932405"},{"type":"buy","date":"1648117484","amount":"0.06000000","price":"3045.36","tid":"5932404"},{"type":"buy","date":"1648117484","amount":"0.11890000","price":"3045.36","tid":"5932403"},{"type":"buy","date":"1648117475","amount":"0.09510000","price":"3045.36","tid":"5932402"},{"type":"buy","date":"1648117475","amount":"0.14090000","price":"3045.36","tid":"5932401"},{"type":"buy","date":"1648117461","amount":"0.12490000","price":"3045.18","tid":"5932400"},{"type":"buy","date":"1648117443","amount":"0.08000000","price":"3045.18","tid":"5932399"},{"type":"buy","date":"1648117430","amount":"0.03700000","price":"3045.03","tid":"5932398"},{"type":"buy","date":"1648117427","amount":"0.14090000","price":"3045.03","tid":"5932397"},{"type":"buy","date":"1648117350","amount":"0.04000000","price":"3044.94","tid":"5932396"},{"type":"buy","date":"1648117343","amount":"0.05780000","price":"3044.94","tid":"5932395"},{"type":"buy","date":"1648117335","amount":"0.07230000","price":"3044.46","tid":"5932394"},{"type":"buy","date":"1648117335","amount":"0.14090000","price":"3044.46","tid":"5932393"},{"type":"buy","date":"1648117333","amount":"0.00520000","price":"3044.46","tid":"5932392"},{"type":"buy","date":"1648117332","amount":"0.05600000","price":"3044.46","tid":"5932391"},{"type":"buy","date":"1648117331","amount":"0.10430000","price":"3044.46","tid":"5932390"},{"type":"buy","date":"1648117330","amount":"0.13040000","price":"3044.46","tid":"5932389"},{"type":"buy","date":"1648117328","amount":"0.05240000","price":"3044.46","tid":"5932388"},{"type":"sell","date":"1648116999","amount":"0.14000000","price":"3043.96","tid":"5932387"},{"type":"buy","date":"1648116977","amount":"0.32518300","price":"3043.97","tid":"5932386"},{"type":"sell","date":"1648116954","amount":"0.08000000","price":"3044.03","tid":"5932385"},{"type":"sell","date":"1648116938","amount":"0.07400000","price":"3044.16","tid":"5932384"},{"type":"sell","date":"1648116936","amount":"0.08400000","price":"3044.16","tid":"5932383"},{"type":"sell","date":"1648116931","amount":"0.02900000","price":"3044.71","tid":"5932382"},{"type":"sell","date":"1648116931","amount":"0.01800000","price":"3044.71","tid":"5932381"},{"type":"sell","date":"1648116930","amount":"0.03200000","price":"3044.71","tid":"5932380"},{"type":"sell","date":"1648116929","amount":"0.12400000","price":"3044.71","tid":"5932379"},{"type":"sell","date":"1648116928","amount":"0.03700000","price":"3044.71","tid":"5932378"},{"type":"sell","date":"1648116927","amount":"0.02000000","price":"3044.71","tid":"5932377"},{"type":"sell","date":"1648116927","amount":"0.04400000","price":"3044.71","tid":"5932376"},{"type":"sell","date":"1648116925","amount":"0.05000000","price":"3044.71","tid":"5932375"},{"type":"sell","date":"1648116924","amount":"0.05700000","price":"3044.71","tid":"5932374"},{"type":"sell","date":"1648116923","amount":"0.06500000","price":"3044.71","tid":"5932373"},{"type":"sell","date":"1648116921","amount":"0.07400000","price":"3044.71","tid":"5932372"},{"type":"sell","date":"1648116919","amount":"0.08400000","price":"3044.71","tid":"5932371"},{"type":"sell","date":"1648116914","amount":"0.05700000","price":"3045.24","tid":"5932370"},{"type":"sell","date":"1648116913","amount":"0.02000000","price":"3045.24","tid":"5932369"},{"type":"sell","date":"1648116911","amount":"0.02200000","price":"3045.24","tid":"5932368"},{"type":"sell","date":"1648116910","amount":"0.06500000","price":"3045.24","tid":"5932367"},{"type":"sell","date":"1648116910","amount":"0.03400000","price":"3045.24","tid":"5932366"},{"type":"sell","date":"1648116909","amount":"0.03900000","price":"3045.24","tid":"5932365"},{"type":"sell","date":"1648116907","amount":"0.09600000","price":"3045.24","tid":"5932364"},{"type":"sell","date":"1648116907","amount":"0.05700000","price":"3045.24","tid":"5932363"},{"type":"sell","date":"1648116905","amount":"0.06500000","price":"3045.24","tid":"5932362"},{"type":"sell","date":"1648116904","amount":"0.07400000","price":"3045.24","tid":"5932361"},{"type":"sell","date":"1648116902","amount":"0.08400000","price":"3045.24","tid":"5932360"},{"type":"sell","date":"1648116898","amount":"0.00800000","price":"3045.83","tid":"5932359"},{"type":"sell","date":"1648116897","amount":"0.01400000","price":"3045.83","tid":"5932358"},{"type":"sell","date":"1648116897","amount":"0.01000000","price":"3045.83","tid":"5932357"},{"type":"sell","date":"1648116895","amount":"0.02000000","price":"3045.83","tid":"5932356"},{"type":"sell","date":"1648116893","amount":"0.03000000","price":"3045.83","tid":"5932355"},{"type":"sell","date":"1648116892","amount":"0.01800000","price":"3045.83","tid":"5932354"},{"type":"sell","date":"1648116892","amount":"0.03400000","price":"3045.83","tid":"5932353"},{"type":"sell","date":"1648116890","amount":"0.02000000","price":"3045.83","tid":"5932352"},{"type":"sell","date":"1648116889","amount":"0.03000000","price":"3045.83","tid":"5932351"},{"type":"sell","date":"1648116889","amount":"0.05000000","price":"3045.83","tid":"5932350"},{"type":"sell","date":"1648116888","amount":"0.00800000","price":"3045.83","tid":"5932349"},{"type":"sell","date":"1648116887","amount":"0.03500000","price":"3045.83","tid":"5932348"},{"type":"sell","date":"1648116885","amount":"0.04000000","price":"3045.83","tid":"5932347"},{"type":"sell","date":"1648116884","amount":"0.04500000","price":"3045.83","tid":"5932346"},{"type":"sell","date":"1648116883","amount":"0.05100000","price":"3045.83","tid":"5932345"},{"type":"sell","date":"1648116881","amount":"0.05800000","price":"3045.83","tid":"5932344"},{"type":"sell","date":"1648116879","amount":"0.06600000","price":"3045.83","tid":"5932343"},{"type":"sell","date":"1648116878","amount":"0.07500000","price":"3045.83","tid":"5932342"},{"type":"sell","date":"1648116876","amount":"0.07455600","price":"3045.83","tid":"5932341"},{"type":"sell","date":"1648116876","amount":"0.00944400","price":"3046.17","tid":"5932340"},{"type":"sell","date":"1648116871","amount":"0.01000000","price":"3046.41","tid":"5932339"},{"type":"sell","date":"1648116870","amount":"0.01700000","price":"3046.41","tid":"5932338"},{"type":"sell","date":"1648116869","amount":"0.01700000","price":"3046.41","tid":"5932337"},{"type":"sell","date":"1648116866","amount":"0.09900000","price":"3046.41","tid":"5932336"},{"type":"sell","date":"1648116866","amount":"0.03720000","price":"3046.41","tid":"5932335"},{"type":"sell","date":"1648116866","amount":"0.03480000","price":"3046.41","tid":"5932334"},{"type":"sell","date":"1648116865","amount":"0.04000000","price":"3046.41","tid":"5932333"},{"type":"sell","date":"1648116865","amount":"0.05440000","price":"3046.41","tid":"5932332"},{"type":"sell","date":"1648116865","amount":"0.05000000","price":"3046.41","tid":"5932331"},{"type":"sell","date":"1648116862","amount":"0.06000000","price":"3046.41","tid":"5932330"},{"type":"sell","date":"1648116859","amount":"0.03720000","price":"3046.41","tid":"5932329"},{"type":"sell","date":"1648116858","amount":"0.04650000","price":"3046.41","tid":"5932328"},{"type":"sell","date":"1648116858","amount":"0.11200000","price":"3046.41","tid":"5932327"},{"type":"sell","date":"1648116858","amount":"0.04790000","price":"3046.41","tid":"5932326"},{"type":"sell","date":"1648116826","amount":"0.14000000","price":"3046.53","tid":"5932325"},{"type":"sell","date":"1648116633","amount":"0.04760000","price":"3046.86","tid":"5932324"},{"type":"sell","date":"1648116633","amount":"0.09300000","price":"3046.86","tid":"5932323"},{"type":"sell","date":"1648116626","amount":"0.04030000","price":"3046.86","tid":"5932322"},{"type":"sell","date":"1648116626","amount":"0.06790000","price":"3046.86","tid":"5932321"},{"type":"sell","date":"1648116625","amount":"0.06810000","price":"3046.86","tid":"5932320"},{"type":"sell","date":"1648116625","amount":"0.06300000","price":"3046.86","tid":"5932319"},{"type":"sell","date":"1648116484","amount":"0.07870000","price":"3047.08","tid":"5932318"},{"type":"sell","date":"1648116483","amount":"0.09830000","price":"3047.08","tid":"5932317"},{"type":"sell","date":"1648116482","amount":"0.08090000","price":"3047.08","tid":"5932316"},{"type":"buy","date":"1648116452","amount":"0.09000000","price":"3047.42","tid":"5932315"},{"type":"buy","date":"1648116451","amount":"0.11000000","price":"3047.42","tid":"5932314"},{"type":"buy","date":"1648116449","amount":"0.13000000","price":"3047.42","tid":"5932313"},{"type":"sell","date":"1648116442","amount":"0.01153100","price":"3046.81","tid":"5932312"},{"type":"buy","date":"1648116441","amount":"0.00520000","price":"3046.82","tid":"5932311"},{"type":"buy","date":"1648116440","amount":"0.00800000","price":"3046.82","tid":"5932310"},{"type":"buy","date":"1648116439","amount":"0.00650000","price":"3046.82","tid":"5932309"},{"type":"buy","date":"1648116438","amount":"0.00810000","price":"3046.82","tid":"5932308"},{"type":"buy","date":"1648116438","amount":"0.01000000","price":"3046.82","tid":"5932307"},{"type":"buy","date":"1648116438","amount":"0.01260000","price":"3046.82","tid":"5932306"},{"type":"buy","date":"1648116437","amount":"0.09140000","price":"3046.82","tid":"5932305"},{"type":"buy","date":"1648116436","amount":"0.03000000","price":"3046.82","tid":"5932304"},{"type":"buy","date":"1648116436","amount":"0.09000000","price":"3046.82","tid":"5932303"},{"type":"buy","date":"1648116435","amount":"0.09140000","price":"3046.82","tid":"5932302"},{"type":"buy","date":"1648116435","amount":"0.09100000","price":"3046.82","tid":"5932301"},{"type":"buy","date":"1648116431","amount":"0.11420000","price":"3046.82","tid":"5932300"},{"type":"buy","date":"1648116430","amount":"0.13300000","price":"3046.82","tid":"5932299"},{"type":"buy","date":"1648116425","amount":"0.03930000","price":"3046.78","tid":"5932298"},{"type":"sell","date":"1648116314","amount":"0.04200000","price":"3046.3","tid":"5932297"},{"type":"sell","date":"1648116309","amount":"0.11200000","price":"3046.3","tid":"5932296"},{"type":"sell","date":"1648116304","amount":"0.03640000","price":"3046.45","tid":"5932295"},{"type":"sell","date":"1648116291","amount":"0.14000000","price":"3046.45","tid":"5932294"},{"type":"sell","date":"1648116284","amount":"0.08100000","price":"3047.01","tid":"5932293"},{"type":"sell","date":"1648116283","amount":"0.03810000","price":"3047.01","tid":"5932292"},{"type":"sell","date":"1648116283","amount":"0.02300000","price":"3047.01","tid":"5932291"},{"type":"sell","date":"1648116281","amount":"0.02600000","price":"3047.01","tid":"5932290"},{"type":"sell","date":"1648116280","amount":"0.05500000","price":"3047.01","tid":"5932289"},{"type":"sell","date":"1648116277","amount":"0.03700000","price":"3047.01","tid":"5932288"},{"type":"sell","date":"1648116275","amount":"0.04200000","price":"3047.01","tid":"5932287"},{"type":"sell","date":"1648116274","amount":"0.04800000","price":"3047.01","tid":"5932286"},{"type":"sell","date":"1648116273","amount":"0.14000000","price":"3047.01","tid":"5932285"},{"type":"sell","date":"1648116272","amount":"0.07400000","price":"3047.01","tid":"5932284"},{"type":"sell","date":"1648116270","amount":"0.08400000","price":"3047.01","tid":"5932283"},{"type":"sell","date":"1648116267","amount":"0.04000000","price":"3047.41","tid":"5932282"},{"type":"sell","date":"1648116267","amount":"0.04000000","price":"3047.41","tid":"5932281"},{"type":"sell","date":"1648116266","amount":"0.07300000","price":"3047.41","tid":"5932280"},{"type":"sell","date":"1648116266","amount":"0.05000000","price":"3047.41","tid":"5932279"},{"type":"sell","date":"1648116266","amount":"0.06250000","price":"3047.41","tid":"5932278"},{"type":"sell","date":"1648116265","amount":"0.07000000","price":"3047.41","tid":"5932277"},{"type":"sell","date":"1648116265","amount":"0.03890000","price":"3047.41","tid":"5932276"},{"type":"sell","date":"1648116265","amount":"0.09000000","price":"3047.41","tid":"5932275"},{"type":"sell","date":"1648116204","amount":"0.03630000","price":"3047.77","tid":"5932274"},{"type":"sell","date":"1648116204","amount":"0.06180000","price":"3047.77","tid":"5932273"},{"type":"sell","date":"1648116204","amount":"0.04540000","price":"3047.77","tid":"5932272"},{"type":"sell","date":"1648116203","amount":"0.06590000","price":"3047.77","tid":"5932271"},{"type":"sell","date":"1648116203","amount":"0.14000000","price":"3047.77","tid":"5932270"},{"type":"sell","date":"1648116203","amount":"0.06900000","price":"3047.77","tid":"5932269"},{"type":"sell","date":"1648116195","amount":"0.14000000","price":"3047.9","tid":"5932268"},{"type":"sell","date":"1648116168","amount":"0.14000000","price":"3048.02","tid":"5932267"},{"type":"sell","date":"1648116133","amount":"0.00520000","price":"3048.61","tid":"5932266"},{"type":"sell","date":"1648116132","amount":"0.00520000","price":"3048.61","tid":"5932265"},{"type":"sell","date":"1648116131","amount":"0.00930000","price":"3048.61","tid":"5932264"},{"type":"sell","date":"1648116131","amount":"0.01130000","price":"3048.61","tid":"5932263"},{"type":"sell","date":"1648116131","amount":"0.01000000","price":"3048.61","tid":"5932262"},{"type":"sell","date":"1648116130","amount":"0.01000000","price":"3048.61","tid":"5932261"},{"type":"sell","date":"1648116130","amount":"0.02160000","price":"3048.61000000","tid":"5932260"},{"type":"sell","date":"1648116130","amount":"0.02000000","price":"3048.61000000","tid":"5932259"},{"type":"sell","date":"1648116129","amount":"0.02000000","price":"3048.61000000","tid":"5932258"},{"type":"sell","date":"1648116129","amount":"0.09580000","price":"3048.61000000","tid":"5932257"},{"type":"sell","date":"1648116129","amount":"0.11800000","price":"3048.61000000","tid":"5932256"},{"type":"sell","date":"1648116129","amount":"0.12000000","price":"3048.61000000","tid":"5932255"},{"type":"sell","date":"1648116129","amount":"0.13020000","price":"3048.61000000","tid":"5932254"},{"type":"sell","date":"1648116128","amount":"0.11200000","price":"3048.61000000","tid":"5932253"},{"type":"sell","date":"1648116118","amount":"0.14000000","price":"3048.73000000","tid":"5932252"},{"type":"buy","date":"1648116073","amount":"0.67494600","price":"3047.92000000","tid":"5932251"},{"type":"buy","date":"1648116073","amount":"0.02925000","price":"3047.92000000","tid":"5932250"},{"type":"buy","date":"1648116048","amount":"0.70412600","price":"3048.53000000","tid":"5932249"},{"type":"buy","date":"1648116024","amount":"0.70405600","price":"3049.19000000","tid":"5932248"},{"type":"sell","date":"1648116020","amount":"0.05442000","price":"3049.18000000","tid":"5932247"},{"type":"sell","date":"1648116020","amount":"0.00408000","price":"3051.22000000","tid":"5932246"},{"type":"sell","date":"1648116020","amount":"0.14000000","price":"3051.22000000","tid":"5932245"},{"type":"sell","date":"1648116019","amount":"0.04000000","price":"3051.22000000","tid":"5932244"},{"type":"sell","date":"1648116019","amount":"0.05850000","price":"3051.22000000","tid":"5932243"},{"type":"sell","date":"1648116019","amount":"0.05000000","price":"3051.22000000","tid":"5932242"},{"type":"sell","date":"1648116019","amount":"0.14070000","price":"3051.22000000","tid":"5932241"},{"type":"sell","date":"1648116019","amount":"0.14070000","price":"3051.22000000","tid":"5932240"},{"type":"sell","date":"1648116019","amount":"0.13000000","price":"3051.22000000","tid":"5932239"},{"type":"sell","date":"1648115998","amount":"0.14070000","price":"3051.55000000","tid":"5932238"},{"type":"sell","date":"1648115998","amount":"0.11400000","price":"3051.55000000","tid":"5932237"},{"type":"sell","date":"1648115993","amount":"0.12800000","price":"3051.55000000","tid":"5932236"},{"type":"sell","date":"1648115986","amount":"0.06100000","price":"3051.61000000","tid":"5932235"},{"type":"sell","date":"1648115968","amount":"0.04600000","price":"3051.65000000","tid":"5932234"},{"type":"sell","date":"1648115928","amount":"0.14000000","price":"3051.77000000","tid":"5932233"},{"type":"buy","date":"1648115854","amount":"0.06123800","price":"3052.14000000","tid":"5932232"},{"type":"sell","date":"1648115836","amount":"0.22100000","price":"3052.55000000","tid":"5932231"},{"type":"buy","date":"1648115826","amount":"0.29079800","price":"3053.14000000","tid":"5932230"},{"type":"buy","date":"1648115808","amount":"0.21200500","price":"3053.14000000","tid":"5932229"},{"type":"buy","date":"1648115808","amount":"0.28799500","price":"3051.10000000","tid":"5932228"},{"type":"buy","date":"1648115807","amount":"0.07100000","price":"3051.10000000","tid":"5932227"},{"type":"sell","date":"1648115805","amount":"0.34500000","price":"3052.35000000","tid":"5932226"},{"type":"buy","date":"1648115800","amount":"0.11800000","price":"3052.43000000","tid":"5932225"},{"type":"sell","date":"1648115796","amount":"0.70407700","price":"3051.38000000","tid":"5932224"},{"type":"buy","date":"1648115791","amount":"0.02500000","price":"3051.80000000","tid":"5932223"},{"type":"buy","date":"1648115789","amount":"0.12800000","price":"3051.00000000","tid":"5932222"},{"type":"buy","date":"1648115789","amount":"0.03200000","price":"3051.00000000","tid":"5932221"},{"type":"buy","date":"1648115786","amount":"0.04000000","price":"3051.00000000","tid":"5932220"},{"type":"sell","date":"1648115770","amount":"0.17715000","price":"3049.90000000","tid":"5932219"},{"type":"sell","date":"1648115770","amount":"0.52700000","price":"3049.90000000","tid":"5932218"},{"type":"buy","date":"1648115766","amount":"0.53300000","price":"3049.91000000","tid":"5932217"},{"type":"buy","date":"1648115765","amount":"0.24400000","price":"3049.91000000","tid":"5932216"},{"type":"buy","date":"1648115763","amount":"0.24200000","price":"3049.91000000","tid":"5932215"},{"type":"buy","date":"1648115763","amount":"0.03000000","price":"3049.91000000","tid":"5932214"},{"type":"buy","date":"1648115763","amount":"0.04000000","price":"3049.91000000","tid":"5932213"},{"type":"buy","date":"1648115763","amount":"0.38200000","price":"3049.91000000","tid":"5932212"},{"type":"buy","date":"1648115758","amount":"0.00400000","price":"3049.28000000","tid":"5932211"},{"type":"buy","date":"1648115758","amount":"0.00450000","price":"3049.28000000","tid":"5932210"},{"type":"sell","date":"1648115756","amount":"0.70436800","price":"3049.15000000","tid":"5932209"},{"type":"buy","date":"1648115751","amount":"0.00877100","price":"3049.29000000","tid":"5932208"},{"type":"buy","date":"1648115751","amount":"0.00622900","price":"3047.25000000","tid":"5932207"},{"type":"buy","date":"1648115750","amount":"0.01970000","price":"3047.25000000","tid":"5932206"},{"type":"sell","date":"1648115749","amount":"0.02212000","price":"3047.24000000","tid":"5932205"},{"type":"buy","date":"1648115749","amount":"0.01000000","price":"3047.25000000","tid":"5932204"},{"type":"buy","date":"1648115749","amount":"0.01900000","price":"3047.25000000","tid":"5932203"},{"type":"buy","date":"1648115749","amount":"0.01370000","price":"3047.25000000","tid":"5932202"},{"type":"buy","date":"1648115749","amount":"0.01000000","price":"3047.25000000","tid":"5932201"},{"type":"buy","date":"1648115748","amount":"0.01000000","price":"3047.25000000","tid":"5932200"},{"type":"buy","date":"1648115747","amount":"0.01000000","price":"3047.25000000","tid":"5932199"},{"type":"buy","date":"1648115747","amount":"0.02000000","price":"3047.25000000","tid":"5932198"},{"type":"buy","date":"1648115746","amount":"0.03000000","price":"3047.25000000","tid":"5932197"},{"type":"buy","date":"1648115746","amount":"0.03870000","price":"3047.25000000","tid":"5932196"},{"type":"buy","date":"1648115746","amount":"0.04000000","price":"3047.25000000","tid":"5932195"},{"type":"buy","date":"1648115745","amount":"0.01830000","price":"3047.25000000","tid":"5932194"},{"type":"buy","date":"1648115745","amount":"0.09000000","price":"3047.25000000","tid":"5932193"},{"type":"buy","date":"1648115745","amount":"0.04600000","price":"3047.25000000","tid":"5932192"},{"type":"buy","date":"1648115745","amount":"0.09500000","price":"3047.25000000","tid":"5932191"},{"type":"sell","date":"1648115745","amount":"0.02921500","price":"3046.77000000","tid":"5932190"},{"type":"buy","date":"1648115744","amount":"0.11000000","price":"3047.25000000","tid":"5932189"},{"type":"buy","date":"1648115744","amount":"0.11781000","price":"3047.25000000","tid":"5932188"},{"type":"buy","date":"1648115744","amount":"0.01219000","price":"3046.73000000","tid":"5932187"},{"type":"buy","date":"1648115744","amount":"0.00600000","price":"3046.73000000","tid":"5932186"},{"type":"buy","date":"1648115744","amount":"0.00600000","price":"3046.73000000","tid":"5932185"},{"type":"buy","date":"1648115744","amount":"0.00600000","price":"3046.73000000","tid":"5932184"},{"type":"sell","date":"1648115734","amount":"0.02931300","price":"3046.72000000","tid":"5932183"},{"type":"buy","date":"1648115731","amount":"0.03170000","price":"3046.73000000","tid":"5932182"},{"type":"buy","date":"1648115730","amount":"0.03000000","price":"3046.73000000","tid":"5932181"},{"type":"sell","date":"1648115730","amount":"0.54600000","price":"3047.56000000","tid":"5932180"},{"type":"sell","date":"1648115729","amount":"0.03644900","price":"3047.36000000","tid":"5932179"},{"type":"buy","date":"1648115727","amount":"0.01434400","price":"3048.03000000","tid":"5932178"},{"type":"buy","date":"1648115727","amount":"0.03650000","price":"3045.98000000","tid":"5932177"},{"type":"buy","date":"1648115727","amount":"0.05915600","price":"3045.98000000","tid":"5932176"},{"type":"buy","date":"1648115727","amount":"0.02390000","price":"3045.98000000","tid":"5932175"},{"type":"buy","date":"1648115726","amount":"0.02980000","price":"3045.98000000","tid":"5932174"},{"type":"buy","date":"1648115725","amount":"0.04970000","price":"3045.98000000","tid":"5932173"},{"type":"buy","date":"1648115725","amount":"0.04970000","price":"3045.98000000","tid":"5932172"},{"type":"buy","date":"1648115722","amount":"0.06210000","price":"3045.98000000","tid":"5932171"},{"type":"buy","date":"1648115721","amount":"0.07770000","price":"3045.98000000","tid":"5932170"},{"type":"buy","date":"1648115720","amount":"0.12700000","price":"3045.98000000","tid":"5932169"},{"type":"buy","date":"1648115720","amount":"0.11970000","price":"3045.98000000","tid":"5932168"},{"type":"sell","date":"1648115704","amount":"0.04277700","price":"3045.91000000","tid":"5932167"},{"type":"buy","date":"1648115704","amount":"0.10583000","price":"3045.98000000","tid":"5932166"},{"type":"buy","date":"1648115704","amount":"0.04377000","price":"3045.91000000","tid":"5932165"},{"type":"buy","date":"1648115704","amount":"0.14010000","price":"3045.91000000","tid":"5932164"},{"type":"buy","date":"1648115701","amount":"0.03820000","price":"3045.91000000","tid":"5932163"},{"type":"buy","date":"1648115697","amount":"0.04770000","price":"3045.91000000","tid":"5932162"},{"type":"sell","date":"1648115578","amount":"0.05949200","price":"3046.26000000","tid":"5932161"},{"type":"sell","date":"1648115574","amount":"0.04652600","price":"3045.21000000","tid":"5932160"},{"type":"buy","date":"1648115574","amount":"0.08470000","price":"3047.23000000","tid":"5932159"},{"type":"buy","date":"1648115574","amount":"0.02450000","price":"3047.23000000","tid":"5932158"},{"type":"buy","date":"1648115574","amount":"0.02211000","price":"3047.23000000","tid":"5932157"},{"type":"buy","date":"1648115574","amount":"0.00239000","price":"3045.19000000","tid":"5932156"},{"type":"buy","date":"1648115574","amount":"0.03250000","price":"3045.19000000","tid":"5932155"},{"type":"buy","date":"1648115574","amount":"0.01492200","price":"3045.19000000","tid":"5932154"},{"type":"buy","date":"1648115574","amount":"0.00507800","price":"3045.19000000","tid":"5932153"},{"type":"buy","date":"1648115574","amount":"0.06780000","price":"3045.19000000","tid":"5932152"},{"type":"buy","date":"1648115573","amount":"0.09790000","price":"3045.19000000","tid":"5932151"},{"type":"buy","date":"1648115573","amount":"0.09000000","price":"3045.19000000","tid":"5932150"},{"type":"buy","date":"1648115573","amount":"0.09790000","price":"3045.19000000","tid":"5932149"},{"type":"buy","date":"1648115573","amount":"0.08140000","price":"3045.19000000","tid":"5932148"},{"type":"buy","date":"1648115568","amount":"0.15080000","price":"3045.19000000","tid":"5932147"},{"type":"buy","date":"1648115568","amount":"0.11380000","price":"3045.19000000","tid":"5932146"},{"type":"sell","date":"1648115530","amount":"0.06700000","price":"3044.75000000","tid":"5932145"},{"type":"sell","date":"1648115529","amount":"0.14000000","price":"3044.75000000","tid":"5932144"},{"type":"sell","date":"1648115516","amount":"0.03500000","price":"3045.30000000","tid":"5932143"},{"type":"sell","date":"1648115516","amount":"0.02300000","price":"3045.30000000","tid":"5932142"},{"type":"sell","date":"1648115515","amount":"0.02100000","price":"3045.30000000","tid":"5932141"},{"type":"sell","date":"1648115514","amount":"0.03900000","price":"3045.30000000","tid":"5932140"},{"type":"sell","date":"1648115513","amount":"0.02300000","price":"3045.30000000","tid":"5932139"},{"type":"sell","date":"1648115512","amount":"0.08600000","price":"3045.30000000","tid":"5932138"},{"type":"sell","date":"1648115512","amount":"0.03800000","price":"3045.30000000","tid":"5932137"},{"type":"sell","date":"1648115511","amount":"0.10700000","price":"3045.30000000","tid":"5932136"},{"type":"sell","date":"1648115511","amount":"0.10700000","price":"3045.30000000","tid":"5932135"},{"type":"sell","date":"1648115506","amount":"0.13400000","price":"3045.30000000","tid":"5932134"},{"type":"sell","date":"1648115505","amount":"0.03300000","price":"3045.30000000","tid":"5932133"},{"type":"sell","date":"1648115501","amount":"0.02200000","price":"3045.77000000","tid":"5932132"},{"type":"sell","date":"1648115500","amount":"0.04600000","price":"3045.77000000","tid":"5932131"},{"type":"sell","date":"1648115498","amount":"0.05800000","price":"3045.77000000","tid":"5932130"},{"type":"sell","date":"1648115495","amount":"0.07300000","price":"3045.77000000","tid":"5932129"},{"type":"sell","date":"1648115494","amount":"0.09100000","price":"3045.77000000","tid":"5932128"},{"type":"sell","date":"1648115488","amount":"0.14000000","price":"3045.77000000","tid":"5932127"},{"type":"sell","date":"1648115487","amount":"0.10834000","price":"3045.77000000","tid":"5932126"},{"type":"sell","date":"1648115465","amount":"0.14000000","price":"3045.89000000","tid":"5932125"},{"type":"sell","date":"1648115449","amount":"0.14000000","price":"3046.01000000","tid":"5932124"},{"type":"sell","date":"1648115403","amount":"0.14000000","price":"3046.13000000","tid":"5932123"},{"type":"sell","date":"1648115392","amount":"0.02600000","price":"3046.35000000","tid":"5932122"},{"type":"sell","date":"1648115386","amount":"0.14000000","price":"3046.35000000","tid":"5932121"},{"type":"sell","date":"1648115384","amount":"0.08400000","price":"3046.35000000","tid":"5932120"},{"type":"sell","date":"1648115380","amount":"0.02400000","price":"3046.84000000","tid":"5932119"},{"type":"sell","date":"1648115379","amount":"0.04500000","price":"3046.84000000","tid":"5932118"},{"type":"sell","date":"1648115378","amount":"0.02700000","price":"3046.84000000","tid":"5932117"},{"type":"sell","date":"1648115376","amount":"0.03100000","price":"3046.84000000","tid":"5932116"},{"type":"sell","date":"1648115376","amount":"0.07600000","price":"3046.84000000","tid":"5932115"},{"type":"sell","date":"1648115376","amount":"0.04820000","price":"3046.84000000","tid":"5932114"},{"type":"sell","date":"1648115374","amount":"0.05200000","price":"3046.84000000","tid":"5932113"},{"type":"sell","date":"1648115373","amount":"0.11800000","price":"3046.84000000","tid":"5932112"},{"type":"buy","date":"1648115372","amount":"0.04405200","price":"3046.85000000","tid":"5932111"},{"type":"sell","date":"1648115368","amount":"0.04050000","price":"3046.84000000","tid":"5932110"},{"type":"sell","date":"1648115367","amount":"0.04760000","price":"3046.84000000","tid":"5932109"},{"type":"sell","date":"1648115366","amount":"0.06240000","price":"3046.84000000","tid":"5932108"},{"type":"buy","date":"1648115366","amount":"0.04422600","price":"3046.85000000","tid":"5932107"},{"type":"sell","date":"1648115363","amount":"0.00500000","price":"3047.54000000","tid":"5932106"},{"type":"sell","date":"1648115363","amount":"0.00540000","price":"3047.54000000","tid":"5932105"},{"type":"sell","date":"1648115361","amount":"0.01900000","price":"3047.54000000","tid":"5932104"},{"type":"sell","date":"1648115361","amount":"0.01540000","price":"3047.54000000","tid":"5932103"},{"type":"sell","date":"1648115360","amount":"0.01540000","price":"3047.54000000","tid":"5932102"},{"type":"sell","date":"1648115359","amount":"0.01920000","price":"3047.54000000","tid":"5932101"},{"type":"buy","date":"1648115359","amount":"0.03799400","price":"3047.55000000","tid":"5932100"},{"type":"sell","date":"1648115359","amount":"0.09000000","price":"3047.54000000","tid":"5932099"},{"type":"sell","date":"1648115358","amount":"0.06210000","price":"3047.54000000","tid":"5932098"},{"type":"sell","date":"1648115358","amount":"0.06230000","price":"3047.54000000","tid":"5932097"},{"type":"sell","date":"1648115358","amount":"0.03460000","price":"3047.54000000","tid":"5932096"},{"type":"sell","date":"1648115356","amount":"0.10720000","price":"3047.54000000","tid":"5932095"},{"type":"sell","date":"1648115355","amount":"0.11200000","price":"3047.54000000","tid":"5932094"},{"type":"sell","date":"1648115354","amount":"0.14000000","price":"3047.54000000","tid":"5932093"},{"type":"sell","date":"1648115349","amount":"0.11200000","price":"3047.66000000","tid":"5932092"},{"type":"sell","date":"1648115344","amount":"0.14000000","price":"3047.66000000","tid":"5932091"},{"type":"sell","date":"1648115298","amount":"0.09180700","price":"3047.74000000","tid":"5932090"},{"type":"buy","date":"1648115163","amount":"0.70431200","price":"3047.46000000","tid":"5932089"},{"type":"buy","date":"1648115138","amount":"0.70424100","price":"3048.70000000","tid":"5932088"},{"type":"sell","date":"1648115136","amount":"0.13417100","price":"3049.57000000","tid":"5932087"},{"type":"sell","date":"1648115135","amount":"0.03000000","price":"3049.57000000","tid":"5932086"},{"type":"sell","date":"1648115134","amount":"0.04000000","price":"3049.57000000","tid":"5932085"},{"type":"sell","date":"1648115133","amount":"0.04000000","price":"3049.57000000","tid":"5932084"},{"type":"sell","date":"1648115132","amount":"0.05000000","price":"3049.57000000","tid":"5932083"},{"type":"sell","date":"1648115131","amount":"0.06000000","price":"3049.57000000","tid":"5932082"},{"type":"sell","date":"1648115130","amount":"0.03000000","price":"3049.57000000","tid":"5932081"},{"type":"sell","date":"1648115130","amount":"0.09000000","price":"3049.57000000","tid":"5932080"},{"type":"sell","date":"1648115130","amount":"0.04000000","price":"3049.57000000","tid":"5932079"},{"type":"sell","date":"1648115130","amount":"0.05000000","price":"3049.57000000","tid":"5932078"},{"type":"sell","date":"1648115129","amount":"0.06000000","price":"3049.57000000","tid":"5932077"},{"type":"sell","date":"1648115129","amount":"0.08000000","price":"3049.57000000","tid":"5932076"},{"type":"sell","date":"1648115034","amount":"1.41000000","price":"3050.14000000","tid":"5932075"},{"type":"sell","date":"1648115014","amount":"0.03118800","price":"3050.99000000","tid":"5932074"},{"type":"sell","date":"1648115013","amount":"0.70417100","price":"3050.95000000","tid":"5932073"},{"type":"buy","date":"1648115010","amount":"0.06000000","price":"3050.96000000","tid":"5932072"},{"type":"buy","date":"1648115010","amount":"0.02960900","price":"3048.91000000","tid":"5932071"},{"type":"buy","date":"1648115010","amount":"0.29424700","price":"3048.91000000","tid":"5932070"},{"type":"buy","date":"1648115009","amount":"0.09000000","price":"3048.91000000","tid":"5932069"},{"type":"buy","date":"1648115009","amount":"0.07000000","price":"3048.91000000","tid":"5932068"},{"type":"buy","date":"1648115008","amount":"0.11000000","price":"3048.91000000","tid":"5932067"},{"type":"buy","date":"1648115003","amount":"0.14000000","price":"3048.91000000","tid":"5932066"},{"type":"sell","date":"1648114968","amount":"0.14500000","price":"3048.85000000","tid":"5932065"},{"type":"buy","date":"1648114914","amount":"0.70424700","price":"3047.65000000","tid":"5932064"},{"type":"buy","date":"1648114889","amount":"0.70417700","price":"3048.36000000","tid":"5932063"},{"type":"buy","date":"1648114886","amount":"0.98399500","price":"3048.44000000","tid":"5932062"},{"type":"sell","date":"1648114886","amount":"0.44376700","price":"3051.62000000","tid":"5932061"},{"type":"sell","date":"1648114886","amount":"1.00000000","price":"3051.62000000","tid":"5932060"},{"type":"sell","date":"1648114885","amount":"1.00000000","price":"3051.62000000","tid":"5932059"},{"type":"sell","date":"1648114884","amount":"1.00000000","price":"3051.62000000","tid":"5932058"},{"type":"sell","date":"1648114883","amount":"0.09000000","price":"3051.62000000","tid":"5932057"},{"type":"sell","date":"1648114882","amount":"0.11000000","price":"3051.62000000","tid":"5932056"},{"type":"sell","date":"1648114881","amount":"0.18000000","price":"3051.62000000","tid":"5932055"},{"type":"sell","date":"1648114878","amount":"0.04000000","price":"3051.62000000","tid":"5932054"},{"type":"sell","date":"1648114877","amount":"0.04000000","price":"3051.62000000","tid":"5932053"},{"type":"sell","date":"1648114877","amount":"0.05000000","price":"3051.62000000","tid":"5932052"},{"type":"sell","date":"1648114876","amount":"0.06000000","price":"3051.62000000","tid":"5932051"},{"type":"buy","date":"1648114869","amount":"0.70369700","price":"3053.15000000","tid":"5932050"},{"type":"sell","date":"1648114869","amount":"0.07470000","price":"3052.94000000","tid":"5932049"},{"type":"sell","date":"1648114864","amount":"0.09780000","price":"3052.94000000","tid":"5932048"},{"type":"sell","date":"1648114864","amount":"0.18970000","price":"3052.94000000","tid":"5932047"},{"type":"sell","date":"1648114863","amount":"0.12080000","price":"3052.94000000","tid":"5932046"},{"type":"sell","date":"1648114863","amount":"0.23720000","price":"3052.94000000","tid":"5932045"},{"type":"sell","date":"1648114863","amount":"0.08000000","price":"3052.94000000","tid":"5932044"},{"type":"sell","date":"1648114862","amount":"0.09340000","price":"3052.94000000","tid":"5932043"},{"type":"buy","date":"1648114859","amount":"0.03184300","price":"3053.05000000","tid":"5932042"},{"type":"buy","date":"1648114845","amount":"0.70354500","price":"3053.96000000","tid":"5932041"},{"type":"buy","date":"1648114816","amount":"0.70347500","price":"3054.20000000","tid":"5932040"},{"type":"sell","date":"1648114811","amount":"0.02780000","price":"3054.19000000","tid":"5932039"},{"type":"sell","date":"1648114811","amount":"0.02697100","price":"3056.24000000","tid":"5932038"},{"type":"sell","date":"1648114810","amount":"0.11250000","price":"3056.24000000","tid":"5932037"},{"type":"sell","date":"1648114810","amount":"0.09000000","price":"3056.24000000","tid":"5932036"},{"type":"sell","date":"1648114810","amount":"0.11250000","price":"3056.24000000","tid":"5932035"},{"type":"sell","date":"1648114810","amount":"0.11250000","price":"3056.24000000","tid":"5932034"},{"type":"sell","date":"1648114810","amount":"0.10833100","price":"3056.24000000","tid":"5932033"},{"type":"sell","date":"1648114790","amount":"0.14060000","price":"3056.24000000","tid":"5932032"},{"type":"buy","date":"1648114701","amount":"0.00900000","price":"3056.84000000","tid":"5932031"},{"type":"buy","date":"1648114701","amount":"0.00900000","price":"3056.84000000","tid":"5932030"},{"type":"buy","date":"1648114695","amount":"0.00800000","price":"3056.59000000","tid":"5932029"},{"type":"buy","date":"1648114695","amount":"0.02700000","price":"3056.59000000","tid":"5932028"},{"type":"buy","date":"1648114694","amount":"0.02000000","price":"3056.59000000","tid":"5932027"},{"type":"buy","date":"1648114694","amount":"0.01800000","price":"3056.59000000","tid":"5932026"},{"type":"buy","date":"1648114692","amount":"0.04800000","price":"3056.59000000","tid":"5932025"},{"type":"buy","date":"1648114692","amount":"0.03500000","price":"3056.59000000","tid":"5932024"},{"type":"buy","date":"1648114691","amount":"0.01205500","price":"3056.59000000","tid":"5932023"},{"type":"buy","date":"1648114690","amount":"0.06500000","price":"3056.59000000","tid":"5932022"},{"type":"buy","date":"1648114689","amount":"0.00500000","price":"3056.59000000","tid":"5932021"},{"type":"buy","date":"1648114677","amount":"0.02850000","price":"3056.59000000","tid":"5932020"},{"type":"buy","date":"1648114676","amount":"0.01900000","price":"3056.59000000","tid":"5932019"},{"type":"buy","date":"1648114673","amount":"0.02600000","price":"3056.40000000","tid":"5932018"},{"type":"buy","date":"1648114673","amount":"0.01580000","price":"3056.40000000","tid":"5932017"},{"type":"buy","date":"1648114673","amount":"0.02700000","price":"3056.40000000","tid":"5932016"},{"type":"buy","date":"1648114672","amount":"0.00713800","price":"3056.40000000","tid":"5932015"},{"type":"buy","date":"1648114671","amount":"0.00776200","price":"3056.40000000","tid":"5932014"},{"type":"buy","date":"1648114671","amount":"0.01800000","price":"3056.40000000","tid":"5932013"},{"type":"buy","date":"1648114669","amount":"0.04800000","price":"3056.40000000","tid":"5932012"},{"type":"buy","date":"1648114669","amount":"0.02230000","price":"3056.38000000","tid":"5932011"},{"type":"sell","date":"1648114646","amount":"0.06900000","price":"3056.45000000","tid":"5932010"},{"type":"buy","date":"1648114643","amount":"0.02300000","price":"3057.59000000","tid":"5932009"},{"type":"buy","date":"1648114642","amount":"0.01040000","price":"3057.59000000","tid":"5932008"},{"type":"buy","date":"1648114641","amount":"0.02300000","price":"3057.59000000","tid":"5932007"},{"type":"buy","date":"1648114641","amount":"0.07000000","price":"3057.59000000","tid":"5932006"},{"type":"buy","date":"1648114641","amount":"0.07050000","price":"3057.59000000","tid":"5932005"},{"type":"buy","date":"1648114639","amount":"0.03000000","price":"3057.59000000","tid":"5932004"},{"type":"buy","date":"1648114639","amount":"0.09965900","price":"3057.59000000","tid":"5932003"},{"type":"buy","date":"1648114639","amount":"0.04000000","price":"3057.59000000","tid":"5932002"},{"type":"buy","date":"1648114638","amount":"0.12000000","price":"3057.59000000","tid":"5932001"},{"type":"buy","date":"1648114638","amount":"0.00780000","price":"3057.59000000","tid":"5932000"},{"type":"buy","date":"1648114638","amount":"0.03834100","price":"3057.59000000","tid":"5931999"},{"type":"buy","date":"1648114638","amount":"0.03834100","price":"3057.59000000","tid":"5931998"},{"type":"buy","date":"1648114637","amount":"0.02212300","price":"3057.59000000","tid":"5931997"},{"type":"buy","date":"1648114637","amount":"0.01300000","price":"3057.59000000","tid":"5931996"},{"type":"buy","date":"1648114637","amount":"2.55759200","price":"3053.83000000","tid":"5931995"},{"type":"buy","date":"1648114636","amount":"0.06930000","price":"3053.83000000","tid":"5931994"},{"type":"buy","date":"1648114636","amount":"0.16030000","price":"3053.83000000","tid":"5931993"},{"type":"buy","date":"1648114636","amount":"0.16030000","price":"3053.83000000","tid":"5931992"},{"type":"buy","date":"1648114636","amount":"0.20500000","price":"3053.83000000","tid":"5931991"},{"type":"buy","date":"1648114635","amount":"0.04110000","price":"3053.83000000","tid":"5931990"},{"type":"buy","date":"1648114635","amount":"0.06400000","price":"3053.83000000","tid":"5931989"},{"type":"buy","date":"1648114634","amount":"0.07750000","price":"3053.83000000","tid":"5931988"},{"type":"buy","date":"1648114634","amount":"0.02310000","price":"3053.83000000","tid":"5931987"},{"type":"buy","date":"1648114634","amount":"0.06300000","price":"3053.83000000","tid":"5931986"},{"type":"buy","date":"1648114634","amount":"0.05120000","price":"3053.83000000","tid":"5931985"},{"type":"buy","date":"1648114634","amount":"0.04000000","price":"3053.83000000","tid":"5931984"},{"type":"buy","date":"1648114633","amount":"0.27560000","price":"3053.83000000","tid":"5931983"},{"type":"buy","date":"1648114633","amount":"0.08180000","price":"3053.83000000","tid":"5931982"},{"type":"buy","date":"1648114633","amount":"0.02300000","price":"3053.83000000","tid":"5931981"},{"type":"buy","date":"1648114632","amount":"0.10230000","price":"3053.83000000","tid":"5931980"},{"type":"buy","date":"1648114631","amount":"0.01100000","price":"3053.83000000","tid":"5931979"},{"type":"buy","date":"1648114631","amount":"0.00623100","price":"3053.83000000","tid":"5931978"},{"type":"buy","date":"1648114631","amount":"0.04376900","price":"3052.99000000","tid":"5931977"},{"type":"buy","date":"1648114630","amount":"0.02300000","price":"3052.99000000","tid":"5931976"},{"type":"buy","date":"1648114630","amount":"0.01860000","price":"3052.99000000","tid":"5931975"},{"type":"buy","date":"1648114630","amount":"0.02000000","price":"3052.99000000","tid":"5931974"},{"type":"buy","date":"1648114630","amount":"0.00990000","price":"3052.99000000","tid":"5931973"},{"type":"buy","date":"1648114629","amount":"0.02000000","price":"3052.99000000","tid":"5931972"},{"type":"buy","date":"1648114629","amount":"0.11300000","price":"3052.99000000","tid":"5931971"},{"type":"buy","date":"1648114629","amount":"0.06200000","price":"3052.99000000","tid":"5931970"},{"type":"buy","date":"1648114629","amount":"0.07000000","price":"3052.99000000","tid":"5931969"},{"type":"buy","date":"1648114628","amount":"0.10070000","price":"3052.99000000","tid":"5931968"},{"type":"buy","date":"1648114628","amount":"0.09000000","price":"3052.99000000","tid":"5931967"},{"type":"buy","date":"1648114628","amount":"0.08070000","price":"3052.99000000","tid":"5931966"},{"type":"buy","date":"1648114628","amount":"0.07178400","price":"3052.99000000","tid":"5931965"},{"type":"buy","date":"1648114628","amount":"0.04821600","price":"3051.78000000","tid":"5931964"},{"type":"buy","date":"1648114628","amount":"0.00700000","price":"3051.78000000","tid":"5931963"},{"type":"buy","date":"1648114627","amount":"0.06940000","price":"3051.78000000","tid":"5931962"},{"type":"buy","date":"1648114627","amount":"0.03000000","price":"3051.78000000","tid":"5931961"},{"type":"buy","date":"1648114627","amount":"0.04860000","price":"3051.78000000","tid":"5931960"},{"type":"buy","date":"1648114627","amount":"0.04000000","price":"3051.78000000","tid":"5931959"},{"type":"buy","date":"1648114627","amount":"0.06000000","price":"3051.78000000","tid":"5931958"},{"type":"buy","date":"1648114626","amount":"0.10070000","price":"3051.78000000","tid":"5931957"},{"type":"buy","date":"1648114626","amount":"0.10000000","price":"3051.78000000","tid":"5931956"},{"type":"buy","date":"1648114626","amount":"0.20000000","price":"3051.78000000","tid":"5931955"},{"type":"buy","date":"1648114584","amount":"0.70391600","price":"3050.36000000","tid":"5931954"},{"type":"sell","date":"1648114581","amount":"0.00750000","price":"3050.35000000","tid":"5931953"},{"type":"sell","date":"1648114581","amount":"0.00025500","price":"3050.35000000","tid":"5931952"},{"type":"sell","date":"1648114581","amount":"0.01674500","price":"3052.39000000","tid":"5931951"},{"type":"sell","date":"1648114581","amount":"0.02100000","price":"3052.39000000","tid":"5931950"},{"type":"sell","date":"1648114581","amount":"0.01710000","price":"3052.39000000","tid":"5931949"},{"type":"sell","date":"1648114581","amount":"0.01370000","price":"3052.39000000","tid":"5931948"},{"type":"buy","date":"1648114580","amount":"0.02009500","price":"3052.40000000","tid":"5931947"},{"type":"sell","date":"1648114579","amount":"0.01710000","price":"3052.39000000","tid":"5931946"},{"type":"sell","date":"1648114577","amount":"0.02140000","price":"3052.39000000","tid":"5931945"},{"type":"sell","date":"1648114576","amount":"0.04000000","price":"3052.39000000","tid":"5931944"},{"type":"sell","date":"1648114576","amount":"0.04290000","price":"3052.39000000","tid":"5931943"},{"type":"sell","date":"1648114576","amount":"0.02500000","price":"3052.39000000","tid":"5931942"},{"type":"sell","date":"1648114575","amount":"0.05000000","price":"3052.39000000","tid":"5931941"},{"type":"sell","date":"1648114574","amount":"0.10020000","price":"3052.39000000","tid":"5931940"},{"type":"sell","date":"1648114574","amount":"0.06000000","price":"3052.39000000","tid":"5931939"},{"type":"sell","date":"1648114574","amount":"0.07400000","price":"3052.39000000","tid":"5931938"},{"type":"sell","date":"1648114574","amount":"0.12470000","price":"3052.39000000","tid":"5931937"},{"type":"sell","date":"1648114574","amount":"0.08000000","price":"3052.39000000","tid":"5931936"},{"type":"sell","date":"1648114571","amount":"0.00510000","price":"3052.99000000","tid":"5931935"},{"type":"sell","date":"1648114570","amount":"0.02830000","price":"3052.99000000","tid":"5931934"},{"type":"sell","date":"1648114570","amount":"0.01360000","price":"3052.99000000","tid":"5931933"},{"type":"sell","date":"1648114569","amount":"0.01000000","price":"3052.99000000","tid":"5931932"},{"type":"sell","date":"1648114569","amount":"0.01700000","price":"3052.99000000","tid":"5931931"},{"type":"sell","date":"1648114568","amount":"0.02130000","price":"3052.99000000","tid":"5931930"},{"type":"sell","date":"1648114567","amount":"0.03500000","price":"3052.99000000","tid":"5931929"},{"type":"sell","date":"1648114567","amount":"0.05880000","price":"3052.99000000","tid":"5931928"},{"type":"sell","date":"1648114567","amount":"0.09400000","price":"3052.99000000","tid":"5931927"},{"type":"sell","date":"1648114566","amount":"0.11190000","price":"3052.99000000","tid":"5931926"},{"type":"sell","date":"1648114566","amount":"0.06700000","price":"3052.99000000","tid":"5931925"},{"type":"sell","date":"1648114565","amount":"0.08670000","price":"3052.99000000","tid":"5931924"},{"type":"sell","date":"1648114565","amount":"0.13990000","price":"3052.99000000","tid":"5931923"},{"type":"sell","date":"1648114564","amount":"0.00390000","price":"3052.99000000","tid":"5931922"},{"type":"sell","date":"1648114563","amount":"0.00390000","price":"3053.01000000","tid":"5931921"},{"type":"buy","date":"1648114549","amount":"0.01050000","price":"3053.04000000","tid":"5931920"},{"type":"buy","date":"1648114547","amount":"0.01750000","price":"3053.04000000","tid":"5931919"},{"type":"buy","date":"1648114546","amount":"0.01750000","price":"3053.04000000","tid":"5931918"},{"type":"buy","date":"1648114545","amount":"0.06590000","price":"3053.04000000","tid":"5931917"},{"type":"buy","date":"1648114544","amount":"0.06590000","price":"3053.04000000","tid":"5931916"},{"type":"buy","date":"1648114544","amount":"0.11000000","price":"3053.04000000","tid":"5931915"},{"type":"buy","date":"1648114544","amount":"0.11420000","price":"3053.04000000","tid":"5931914"},{"type":"buy","date":"1648114543","amount":"0.11420000","price":"3053.04000000","tid":"5931913"},{"type":"buy","date":"1648114543","amount":"0.01300000","price":"3053.04000000","tid":"5931912"},{"type":"buy","date":"1648114535","amount":"0.13260000","price":"3053.04000000","tid":"5931911"},{"type":"buy","date":"1648114535","amount":"0.26350000","price":"3053.02000000","tid":"5931910"},{"type":"buy","date":"1648114535","amount":"0.22000000","price":"3053.02000000","tid":"5931909"},{"type":"sell","date":"1648114526","amount":"0.12900000","price":"3050.62000000","tid":"5931908"},{"type":"buy","date":"1648114526","amount":"0.08802600","price":"3050.63000000","tid":"5931907"},{"type":"sell","date":"1648114525","amount":"0.12600000","price":"3050.62000000","tid":"5931906"},{"type":"sell","date":"1648114525","amount":"0.88133900","price":"3054.96000000","tid":"5931905"},{"type":"sell","date":"1648114524","amount":"0.15000000","price":"3054.96000000","tid":"5931904"},{"type":"sell","date":"1648114524","amount":"0.02110000","price":"3054.96000000","tid":"5931903"},{"type":"sell","date":"1648114524","amount":"0.02270000","price":"3054.96000000","tid":"5931902"},{"type":"buy","date":"1648114524","amount":"0.01965900","price":"3054.97000000","tid":"5931901"},{"type":"sell","date":"1648114523","amount":"0.09000000","price":"3054.96000000","tid":"5931900"},{"type":"sell","date":"1648114523","amount":"0.18700000","price":"3054.96000000","tid":"5931899"},{"type":"sell","date":"1648114523","amount":"0.18900000","price":"3054.96000000","tid":"5931898"},{"type":"sell","date":"1648114523","amount":"0.02170000","price":"3054.96000000","tid":"5931897"},{"type":"sell","date":"1648114523","amount":"0.02100000","price":"3054.96000000","tid":"5931896"},{"type":"sell","date":"1648114522","amount":"0.18000000","price":"3054.96000000","tid":"5931895"},{"type":"sell","date":"1648114522","amount":"0.04670000","price":"3054.96000000","tid":"5931894"},{"type":"sell","date":"1648114522","amount":"0.32000000","price":"3054.96000000","tid":"5931893"},{"type":"sell","date":"1648114522","amount":"0.54200000","price":"3054.96000000","tid":"5931892"},{"type":"sell","date":"1648114521","amount":"0.04000000","price":"3054.96000000","tid":"5931891"},{"type":"sell","date":"1648114521","amount":"0.38530000","price":"3054.96000000","tid":"5931890"},{"type":"sell","date":"1648114521","amount":"1.50000000","price":"3054.96000000","tid":"5931889"},{"type":"sell","date":"1648114521","amount":"0.05000000","price":"3054.96000000","tid":"5931888"},{"type":"sell","date":"1648114521","amount":"0.00395200","price":"3058.72000000","tid":"5931887"},{"type":"sell","date":"1648114521","amount":"0.01200000","price":"3058.72000000","tid":"5931886"},{"type":"sell","date":"1648114520","amount":"0.01000000","price":"3058.72000000","tid":"5931885"},{"type":"sell","date":"1648114520","amount":"0.01000000","price":"3058.72000000","tid":"5931884"},{"type":"sell","date":"1648114520","amount":"0.02670000","price":"3058.72000000","tid":"5931883"},{"type":"sell","date":"1648114520","amount":"0.02650000","price":"3058.72000000","tid":"5931882"},{"type":"sell","date":"1648114520","amount":"0.02228800","price":"3058.72000000","tid":"5931881"},{"type":"sell","date":"1648114520","amount":"0.03000000","price":"3058.72000000","tid":"5931880"},{"type":"sell","date":"1648114520","amount":"0.05000000","price":"3058.72000000","tid":"5931879"},{"type":"sell","date":"1648114520","amount":"0.08700000","price":"3058.72000000","tid":"5931878"},{"type":"sell","date":"1648114520","amount":"0.02480000","price":"3058.72000000","tid":"5931877"},{"type":"sell","date":"1648114519","amount":"0.03970000","price":"3058.72000000","tid":"5931876"},{"type":"sell","date":"1648114519","amount":"0.03792900","price":"3058.72000000","tid":"5931875"},{"type":"sell","date":"1648114519","amount":"0.14620000","price":"3058.72000000","tid":"5931874"},{"type":"sell","date":"1648114519","amount":"0.04410000","price":"3058.72000000","tid":"5931873"},{"type":"sell","date":"1648114519","amount":"0.16000000","price":"3058.72000000","tid":"5931872"},{"type":"buy","date":"1648114519","amount":"0.02287700","price":"3058.73000000","tid":"5931871"},{"type":"sell","date":"1648114518","amount":"0.04970000","price":"3058.72000000","tid":"5931870"},{"type":"sell","date":"1648114518","amount":"0.03040000","price":"3058.72000000","tid":"5931869"},{"type":"sell","date":"1648114518","amount":"0.03830000","price":"3058.72000000","tid":"5931868"},{"type":"sell","date":"1648114518","amount":"0.45650000","price":"3058.72000000","tid":"5931867"},{"type":"sell","date":"1648114518","amount":"0.03570000","price":"3058.72000000","tid":"5931866"},{"type":"sell","date":"1648114518","amount":"0.46500000","price":"3058.72000000","tid":"5931865"},{"type":"sell","date":"1648114518","amount":"0.47600000","price":"3058.72000000","tid":"5931864"},{"type":"sell","date":"1648114518","amount":"0.28000000","price":"3058.72000000","tid":"5931863"},{"type":"sell","date":"1648114517","amount":"1.31813600","price":"3058.72000000","tid":"5931862"},{"type":"sell","date":"1648114517","amount":"0.01220000","price":"3058.72000000","tid":"5931861"},{"type":"sell","date":"1648114517","amount":"0.07760000","price":"3058.72000000","tid":"5931860"},{"type":"sell","date":"1648114517","amount":"0.01070000","price":"3058.72000000","tid":"5931859"},{"type":"sell","date":"1648114517","amount":"0.01000000","price":"3058.72000000","tid":"5931858"},{"type":"sell","date":"1648114516","amount":"0.01770000","price":"3058.72000000","tid":"5931857"},{"type":"sell","date":"1648114516","amount":"0.05055400","price":"3060.78000000","tid":"5931856"},{"type":"sell","date":"1648114516","amount":"0.03830000","price":"3060.78000000","tid":"5931855"},{"type":"sell","date":"1648114516","amount":"0.05140000","price":"3060.78000000","tid":"5931854"},{"type":"sell","date":"1648114515","amount":"0.05140000","price":"3060.78000000","tid":"5931853"},{"type":"sell","date":"1648114515","amount":"0.06540000","price":"3060.78000000","tid":"5931852"},{"type":"sell","date":"1648114515","amount":"0.03400000","price":"3060.78000000","tid":"5931851"},{"type":"sell","date":"1648114514","amount":"0.03632600","price":"3060.78000000","tid":"5931850"},{"type":"sell","date":"1648114514","amount":"0.02907400","price":"3060.80000000","tid":"5931849"},{"type":"sell","date":"1648114513","amount":"0.00800000","price":"3060.78000000","tid":"5931848"},{"type":"sell","date":"1648114513","amount":"0.06820000","price":"3060.78000000","tid":"5931847"},{"type":"sell","date":"1648114513","amount":"0.13900000","price":"3060.78000000","tid":"5931846"},{"type":"sell","date":"1648114513","amount":"0.07630000","price":"3060.78000000","tid":"5931845"},{"type":"sell","date":"1648114512","amount":"0.08400000","price":"3060.78000000","tid":"5931844"},{"type":"buy","date":"1648114509","amount":"0.03090000","price":"3061.38000000","tid":"5931843"},{"type":"buy","date":"1648114505","amount":"0.08100000","price":"3062.67000000","tid":"5931842"},{"type":"buy","date":"1648114505","amount":"0.03410000","price":"3062.67000000","tid":"5931841"},{"type":"buy","date":"1648114503","amount":"0.03300000","price":"3062.67000000","tid":"5931840"},{"type":"buy","date":"1648114503","amount":"0.03300000","price":"3062.67000000","tid":"5931839"},{"type":"buy","date":"1648114502","amount":"0.00940000","price":"3062.67000000","tid":"5931838"},{"type":"buy","date":"1648114501","amount":"0.07864400","price":"3062.66000000","tid":"5931837"},{"type":"buy","date":"1648114501","amount":"0.04620000","price":"3062.66000000","tid":"5931836"},{"type":"buy","date":"1648114501","amount":"0.07864400","price":"3062.66000000","tid":"5931835"},{"type":"buy","date":"1648114501","amount":"0.05770000","price":"3062.66000000","tid":"5931834"},{"type":"buy","date":"1648114501","amount":"0.66829900","price":"3060.62000000","tid":"5931833"},{"type":"buy","date":"1648114500","amount":"0.03460000","price":"3060.62000000","tid":"5931832"},{"type":"buy","date":"1648114500","amount":"0.13460400","price":"3060.60000000","tid":"5931831"},{"type":"buy","date":"1648114500","amount":"0.07210000","price":"3060.60000000","tid":"5931830"},{"type":"buy","date":"1648114500","amount":"0.09010000","price":"3060.60000000","tid":"5931829"},{"type":"buy","date":"1648114481","amount":"0.08590000","price":"3060.54000000","tid":"5931828"},{"type":"buy","date":"1648114238","amount":"0.02486200","price":"3060.50000000","tid":"5931827"},{"type":"buy","date":"1648114033","amount":"0.02840000","price":"3060.52000000","tid":"5931826"},{"type":"buy","date":"1648114024","amount":"0.02000000","price":"3060.48000000","tid":"5931825"},{"type":"buy","date":"1648114020","amount":"0.00700000","price":"3060.48000000","tid":"5931824"},{"type":"buy","date":"1648114008","amount":"0.01880000","price":"3060.48000000","tid":"5931823"},{"type":"buy","date":"1648114003","amount":"0.01360000","price":"3060.46000000","tid":"5931822"},{"type":"buy","date":"1648114000","amount":"0.01360000","price":"3060.46000000","tid":"5931821"},{"type":"buy","date":"1648113990","amount":"0.69895900","price":"3059.84000000","tid":"5931820"},{"type":"buy","date":"1648113989","amount":"0.00402900","price":"3059.84000000","tid":"5931819"},{"type":"buy","date":"1648113958","amount":"0.70305800","price":"3059.23000000","tid":"5931818"},{"type":"sell","date":"1648113953","amount":"3.57172400","price":"3059.05000000","tid":"5931817"},{"type":"sell","date":"1648113953","amount":"6.42827600","price":"3059.06000000","tid":"5931816"},{"type":"sell","date":"1648113950","amount":"4.35931100","price":"3058.81000000","tid":"5931815"},{"type":"sell","date":"1648113950","amount":"1.00000000","price":"3058.82000000","tid":"5931814"},{"type":"sell","date":"1648113950","amount":"0.03468800","price":"3059.33000000","tid":"5931813"},{"type":"sell","date":"1648113950","amount":"0.82574100","price":"3059.45000000","tid":"5931812"},{"type":"sell","date":"1648113950","amount":"3.78026000","price":"3059.47000000","tid":"5931811"},{"type":"sell","date":"1648113930","amount":"0.70312900","price":"3058.70000000","tid":"5931810"},{"type":"buy","date":"1648113923","amount":"0.70319900","price":"3058.01000000","tid":"5931809"},{"type":"sell","date":"1648113859","amount":"0.15128000","price":"3055.89000000","tid":"5931808"},{"type":"buy","date":"1648113858","amount":"4.01092400","price":"3055.96000000","tid":"5931807"},{"type":"buy","date":"1648113848","amount":"0.70367000","price":"3053.91000000","tid":"5931806"},{"type":"buy","date":"1648113842","amount":"0.01710000","price":"3053.77000000","tid":"5931805"},{"type":"buy","date":"1648113842","amount":"0.01710000","price":"3053.77000000","tid":"5931804"},{"type":"buy","date":"1648113842","amount":"0.00800000","price":"3053.77000000","tid":"5931803"},{"type":"buy","date":"1648113839","amount":"0.01000000","price":"3053.77000000","tid":"5931802"},{"type":"buy","date":"1648113838","amount":"0.01400000","price":"3053.77000000","tid":"5931801"},{"type":"buy","date":"1648113837","amount":"0.01400000","price":"3053.77000000","tid":"5931800"},{"type":"buy","date":"1648113834","amount":"0.01410000","price":"3053.77000000","tid":"5931799"},{"type":"buy","date":"1648113833","amount":"0.01620000","price":"3053.77000000","tid":"5931798"},{"type":"buy","date":"1648113833","amount":"0.02300000","price":"3053.77000000","tid":"5931797"},{"type":"buy","date":"1648113833","amount":"0.02340000","price":"3053.77000000","tid":"5931796"},{"type":"buy","date":"1648113827","amount":"0.00410000","price":"3053.77000000","tid":"5931795"},{"type":"buy","date":"1648113826","amount":"0.00400000","price":"3053.77000000","tid":"5931794"},{"type":"buy","date":"1648113810","amount":"1.00000000","price":"3053.32000000","tid":"5931793"},{"type":"buy","date":"1648113802","amount":"0.70375700","price":"3053.16000000","tid":"5931792"},{"type":"buy","date":"1648113802","amount":"7.00000000","price":"3053.05000000","tid":"5931791"},{"type":"buy","date":"1648113802","amount":"9.92929300","price":"3052.98000000","tid":"5931790"},{"type":"buy","date":"1648113802","amount":"0.00570000","price":"3052.98000000","tid":"5931789"},{"type":"buy","date":"1648113801","amount":"0.00720000","price":"3052.98000000","tid":"5931788"},{"type":"buy","date":"1648113801","amount":"0.00720000","price":"3052.98000000","tid":"5931787"},{"type":"buy","date":"1648113800","amount":"0.00740700","price":"3052.98000000","tid":"5931786"},{"type":"buy","date":"1648113799","amount":"0.01150000","price":"3052.98000000","tid":"5931785"},{"type":"buy","date":"1648113799","amount":"0.03170000","price":"3052.98000000","tid":"5931784"},{"type":"buy","date":"1648113799","amount":"10.00000000","price":"3052.65000000","tid":"5931783"},{"type":"buy","date":"1648113799","amount":"2.36750400","price":"3052.64000000","tid":"5931782"},{"type":"buy","date":"1648113799","amount":"0.03590000","price":"3052.64000000","tid":"5931781"},{"type":"buy","date":"1648113799","amount":"0.03590000","price":"3052.64000000","tid":"5931780"},{"type":"buy","date":"1648113798","amount":"0.02100000","price":"3052.64000000","tid":"5931779"},{"type":"buy","date":"1648113797","amount":"0.00600000","price":"3052.64000000","tid":"5931778"},{"type":"buy","date":"1648113796","amount":"0.00600000","price":"3052.64000000","tid":"5931777"},{"type":"buy","date":"1648113795","amount":"0.00600000","price":"3052.64000000","tid":"5931776"},{"type":"buy","date":"1648113793","amount":"0.01500000","price":"3052.64000000","tid":"5931775"},{"type":"buy","date":"1648113793","amount":"0.01500000","price":"3052.64000000","tid":"5931774"},{"type":"buy","date":"1648113793","amount":"0.01500000","price":"3052.64000000","tid":"5931773"},{"type":"buy","date":"1648113778","amount":"3.87220900","price":"3051.11000000","tid":"5931772"},{"type":"buy","date":"1648113775","amount":"0.03200000","price":"3051.11000000","tid":"5931771"},{"type":"buy","date":"1648113775","amount":"0.03900000","price":"3051.11000000","tid":"5931770"},{"type":"buy","date":"1648113775","amount":"0.03110000","price":"3051.11000000","tid":"5931769"},{"type":"buy","date":"1648113774","amount":"0.01930000","price":"3051.11000000","tid":"5931768"},{"type":"buy","date":"1648113771","amount":"0.01000000","price":"3051.11000000","tid":"5931767"},{"type":"buy","date":"1648113771","amount":"0.01050000","price":"3051.11000000","tid":"5931766"},{"type":"sell","date":"1648113768","amount":"0.70422900","price":"3049.08000000","tid":"5931765"},{"type":"buy","date":"1648113765","amount":"0.16780000","price":"3048.46000000","tid":"5931764"},{"type":"buy","date":"1648113764","amount":"0.01710000","price":"3048.46000000","tid":"5931763"},{"type":"buy","date":"1648113764","amount":"0.06600000","price":"3048.46000000","tid":"5931762"},{"type":"buy","date":"1648113763","amount":"0.02090000","price":"3048.46000000","tid":"5931761"},{"type":"buy","date":"1648113763","amount":"0.05220000","price":"3048.46000000","tid":"5931760"},{"type":"buy","date":"1648113763","amount":"0.05220000","price":"3048.46000000","tid":"5931759"},{"type":"buy","date":"1648113761","amount":"0.06530000","price":"3048.46000000","tid":"5931758"},{"type":"buy","date":"1648113761","amount":"0.03900000","price":"3048.46000000","tid":"5931757"},{"type":"buy","date":"1648113761","amount":"0.08320000","price":"3048.46000000","tid":"5931756"},{"type":"buy","date":"1648113759","amount":"0.03800000","price":"3048.46000000","tid":"5931755"},{"type":"buy","date":"1648113756","amount":"0.10260000","price":"3048.46000000","tid":"5931754"},{"type":"sell","date":"1648113661","amount":"0.73175100","price":"3047.49000000","tid":"5931753"},{"type":"sell","date":"1648113661","amount":"0.70430000","price":"3048.45000000","tid":"5931752"},{"type":"sell","date":"1648113637","amount":"0.24154700","price":"3048.66000000","tid":"5931751"},{"type":"sell","date":"1648113589","amount":"0.00380900","price":"3048.66000000","tid":"5931750"},{"type":"sell","date":"1648112959","amount":"0.05300000","price":"3049.26000000","tid":"5931749"},{"type":"sell","date":"1648112959","amount":"0.01720000","price":"3049.26000000","tid":"5931748"},{"type":"sell","date":"1648112958","amount":"0.05390000","price":"3049.26000000","tid":"5931747"},{"type":"sell","date":"1648112958","amount":"0.03490000","price":"3049.26000000","tid":"5931746"},{"type":"sell","date":"1648112957","amount":"0.09510000","price":"3049.26000000","tid":"5931745"},{"type":"sell","date":"1648112956","amount":"0.08770000","price":"3049.26000000","tid":"5931744"},{"type":"sell","date":"1648112956","amount":"0.11800000","price":"3049.26000000","tid":"5931743"},{"type":"sell","date":"1648112956","amount":"0.11880000","price":"3049.26000000","tid":"5931742"},{"type":"sell","date":"1648112954","amount":"0.10980000","price":"3049.26000000","tid":"5931741"},{"type":"buy","date":"1648112664","amount":"0.09818000","price":"3049.79000000","tid":"5931740"},{"type":"sell","date":"1648112547","amount":"0.59591400","price":"3048.26000000","tid":"5931739"},{"type":"sell","date":"1648112547","amount":"0.70408600","price":"3050.30000000","tid":"5931738"},{"type":"sell","date":"1648112541","amount":"0.00400000","price":"3050.90000000","tid":"5931737"},{"type":"sell","date":"1648112539","amount":"0.00400000","price":"3050.90000000","tid":"5931736"},{"type":"sell","date":"1648112537","amount":"0.04381700","price":"3050.90000000","tid":"5931735"},{"type":"sell","date":"1648112537","amount":"0.07210000","price":"3050.90000000","tid":"5931734"},{"type":"sell","date":"1648112536","amount":"0.11200000","price":"3050.90000000","tid":"5931733"},{"type":"sell","date":"1648112534","amount":"0.11250000","price":"3050.90000000","tid":"5931732"},{"type":"sell","date":"1648112534","amount":"0.09010000","price":"3050.90000000","tid":"5931731"},{"type":"sell","date":"1648112530","amount":"0.11260000","price":"3050.90000000","tid":"5931730"},{"type":"sell","date":"1648112526","amount":"0.14080000","price":"3050.90000000","tid":"5931729"},{"type":"sell","date":"1648112520","amount":"0.14000000","price":"3051.02000000","tid":"5931728"},{"type":"buy","date":"1648112509","amount":"0.00344900","price":"3051.03000000","tid":"5931727"},{"type":"buy","date":"1648112504","amount":"0.00643200","price":"3051.24000000","tid":"5931726"},{"type":"sell","date":"1648112503","amount":"0.11300000","price":"3051.23000000","tid":"5931725"},{"type":"sell","date":"1648112500","amount":"0.13337900","price":"3051.23000000","tid":"5931724"},{"type":"sell","date":"1648112500","amount":"0.00662100","price":"3051.43000000","tid":"5931723"},{"type":"sell","date":"1648112403","amount":"0.70390800","price":"3051.84000000","tid":"5931722"},{"type":"sell","date":"1648112398","amount":"0.01000000","price":"3051.85000000","tid":"5931721"},{"type":"buy","date":"1648112206","amount":"0.70390700","price":"3051.86000000","tid":"5931720"},{"type":"buy","date":"1648112106","amount":"0.01020000","price":"3051.85000000","tid":"5931719"},{"type":"buy","date":"1648112106","amount":"0.01000000","price":"3051.85000000","tid":"5931718"},{"type":"buy","date":"1648112080","amount":"0.00610000","price":"3051.84000000","tid":"5931717"},{"type":"buy","date":"1648112001","amount":"0.01100000","price":"3051.83000000","tid":"5931716"},{"type":"buy","date":"1648111991","amount":"0.01000000","price":"3051.82000000","tid":"5931715"},{"type":"buy","date":"1648111981","amount":"0.01270000","price":"3051.73000000","tid":"5931714"},{"type":"buy","date":"1648111980","amount":"0.01580000","price":"3051.73000000","tid":"5931713"},{"type":"buy","date":"1648111979","amount":"0.01980000","price":"3051.73000000","tid":"5931712"},{"type":"buy","date":"1648111978","amount":"0.03180000","price":"3051.73000000","tid":"5931711"},{"type":"buy","date":"1648111978","amount":"0.02800000","price":"3051.73000000","tid":"5931710"},{"type":"buy","date":"1648111972","amount":"0.00340000","price":"3051.64000000","tid":"5931709"},{"type":"buy","date":"1648111970","amount":"0.01090000","price":"3051.64000000","tid":"5931708"},{"type":"buy","date":"1648111970","amount":"0.02680000","price":"3051.64000000","tid":"5931707"},{"type":"buy","date":"1648111969","amount":"0.00740000","price":"3051.64000000","tid":"5931706"},{"type":"buy","date":"1648111969","amount":"0.02600000","price":"3051.64000000","tid":"5931705"},{"type":"buy","date":"1648111968","amount":"0.02670000","price":"3051.64000000","tid":"5931704"},{"type":"buy","date":"1648111960","amount":"0.01690000","price":"3051.15000000","tid":"5931703"},{"type":"buy","date":"1648111959","amount":"0.03220000","price":"3051.15000000","tid":"5931702"},{"type":"buy","date":"1648111959","amount":"0.01600000","price":"3051.15000000","tid":"5931701"},{"type":"buy","date":"1648111959","amount":"0.01790000","price":"3051.15000000","tid":"5931700"},{"type":"buy","date":"1648111958","amount":"0.03340000","price":"3051.15000000","tid":"5931699"},{"type":"buy","date":"1648111957","amount":"0.03340000","price":"3051.15000000","tid":"5931698"},{"type":"buy","date":"1648111956","amount":"0.02130000","price":"3051.15000000","tid":"5931697"},{"type":"buy","date":"1648111956","amount":"0.02710000","price":"3051.15000000","tid":"5931696"},{"type":"buy","date":"1648111956","amount":"0.01700000","price":"3051.15000000","tid":"5931695"},{"type":"buy","date":"1648111955","amount":"0.00335700","price":"3051.15000000","tid":"5931694"},{"type":"buy","date":"1648111955","amount":"0.07770000","price":"3051.15000000","tid":"5931693"},{"type":"buy","date":"1648111954","amount":"0.06210000","price":"3051.15000000","tid":"5931692"},{"type":"buy","date":"1648111954","amount":"0.06100000","price":"3051.15000000","tid":"5931691"},{"type":"buy","date":"1648111951","amount":"0.05620000","price":"3051.15000000","tid":"5931690"},{"type":"buy","date":"1648111950","amount":"0.02900000","price":"3051.15000000","tid":"5931689"},{"type":"buy","date":"1648111950","amount":"0.03190000","price":"3051.15000000","tid":"5931688"},{"type":"buy","date":"1648111949","amount":"0.03190000","price":"3051.15000000","tid":"5931687"},{"type":"buy","date":"1648111946","amount":"0.12100000","price":"3050.68000000","tid":"5931686"},{"type":"buy","date":"1648111946","amount":"0.06820000","price":"3050.68000000","tid":"5931685"},{"type":"buy","date":"1648111945","amount":"0.14080000","price":"3050.68000000","tid":"5931684"},{"type":"buy","date":"1648111945","amount":"0.11610000","price":"3050.68000000","tid":"5931683"},{"type":"buy","date":"1648111943","amount":"0.03280000","price":"3050.68000000","tid":"5931682"},{"type":"buy","date":"1648111939","amount":"0.06540000","price":"3050.68000000","tid":"5931681"},{"type":"sell","date":"1648111876","amount":"0.22110000","price":"3050.42000000","tid":"5931680"},{"type":"sell","date":"1648111875","amount":"0.27630000","price":"3050.42000000","tid":"5931679"},{"type":"sell","date":"1648111873","amount":"0.02805600","price":"3050.42000000","tid":"5931678"},{"type":"sell","date":"1648111873","amount":"0.07974400","price":"3050.67000000","tid":"5931677"},{"type":"sell","date":"1648111872","amount":"0.09010000","price":"3050.67000000","tid":"5931676"},{"type":"sell","date":"1648111872","amount":"0.14000000","price":"3050.67000000","tid":"5931675"},{"type":"sell","date":"1648111872","amount":"0.14080000","price":"3050.67000000","tid":"5931674"},{"type":"sell","date":"1648111870","amount":"0.11260000","price":"3050.67000000","tid":"5931673"},{"type":"sell","date":"1648111869","amount":"0.14080000","price":"3050.67000000","tid":"5931672"},{"type":"sell","date":"1648111683","amount":"0.14080000","price":"3050.79000000","tid":"5931671"},{"type":"buy","date":"1648111648","amount":"0.04251300","price":"3050.82000000","tid":"5931670"},{"type":"buy","date":"1648111508","amount":"0.00500000","price":"3051.40000000","tid":"5931669"},{"type":"buy","date":"1648111477","amount":"0.70403000","price":"3050.79000000","tid":"5931668"},{"type":"buy","date":"1648111475","amount":"0.03100000","price":"3052.20000000","tid":"5931667"},{"type":"sell","date":"1648111474","amount":"0.03615600","price":"3050.69000000","tid":"5931666"},{"type":"buy","date":"1648111473","amount":"0.03771400","price":"3050.16000000","tid":"5931665"},{"type":"buy","date":"1648111473","amount":"0.70410400","price":"3050.16000000","tid":"5931664"},{"type":"buy","date":"1648111403","amount":"0.04976200","price":"3050.11000000","tid":"5931663"},{"type":"buy","date":"1648111403","amount":"0.01556000","price":"3050.10000000","tid":"5931662"},{"type":"buy","date":"1648111403","amount":"0.03285300","price":"3050.10000000","tid":"5931661"},{"type":"sell","date":"1648111116","amount":"0.70417900","price":"3050.43000000","tid":"5931660"},{"type":"buy","date":"1648111093","amount":"0.70424900","price":"3048.89000000","tid":"5931659"},{"type":"buy","date":"1648111043","amount":"0.70432000","price":"3048.28000000","tid":"5931658"},{"type":"sell","date":"1648111020","amount":"0.09977300","price":"3048.11000000","tid":"5931657"},{"type":"buy","date":"1648111009","amount":"1.50000000","price":"3048.42000000","tid":"5931656"},{"type":"sell","date":"1648110997","amount":"0.64046900","price":"3047.79000000","tid":"5931655"},{"type":"sell","date":"1648110997","amount":"0.05100000","price":"3047.80000000","tid":"5931654"},{"type":"sell","date":"1648110997","amount":"0.01307100","price":"3047.80000000","tid":"5931653"},{"type":"buy","date":"1648110974","amount":"0.66361100","price":"3045.77000000","tid":"5931652"},{"type":"buy","date":"1648110973","amount":"0.02400000","price":"3045.77000000","tid":"5931651"},{"type":"buy","date":"1648110973","amount":"0.01700000","price":"3045.77000000","tid":"5931650"},{"type":"buy","date":"1648110969","amount":"0.03400000","price":"3045.49000000","tid":"5931649"},{"type":"buy","date":"1648110969","amount":"0.01700000","price":"3045.49000000","tid":"5931648"},{"type":"buy","date":"1648110968","amount":"0.01000000","price":"3045.49000000","tid":"5931647"},{"type":"buy","date":"1648110967","amount":"0.02000000","price":"3045.49000000","tid":"5931646"},{"type":"buy","date":"1648110965","amount":"0.01700000","price":"3045.49000000","tid":"5931645"},{"type":"buy","date":"1648110964","amount":"0.02400000","price":"3045.49000000","tid":"5931644"},{"type":"buy","date":"1648110962","amount":"0.03000000","price":"3045.49000000","tid":"5931643"},{"type":"buy","date":"1648110960","amount":"0.02200000","price":"3045.49000000","tid":"5931642"},{"type":"buy","date":"1648110958","amount":"0.01900000","price":"3045.49000000","tid":"5931641"},{"type":"buy","date":"1648110956","amount":"0.02000000","price":"3045.49000000","tid":"5931640"},{"type":"buy","date":"1648110956","amount":"0.11000000","price":"3045.49000000","tid":"5931639"},{"type":"buy","date":"1648110953","amount":"0.03200000","price":"3045.36000000","tid":"5931638"},{"type":"buy","date":"1648110952","amount":"0.05100000","price":"3045.36000000","tid":"5931637"},{"type":"buy","date":"1648110949","amount":"0.06700000","price":"3045.36000000","tid":"5931636"},{"type":"buy","date":"1648110890","amount":"0.02800000","price":"3045.19000000","tid":"5931635"},{"type":"buy","date":"1648110887","amount":"0.01800000","price":"3045.19000000","tid":"5931634"},{"type":"buy","date":"1648110885","amount":"0.02310000","price":"3045.19000000","tid":"5931633"},{"type":"buy","date":"1648110885","amount":"0.08900000","price":"3045.19000000","tid":"5931632"},{"type":"buy","date":"1648110884","amount":"0.03940000","price":"3045.19000000","tid":"5931631"},{"type":"buy","date":"1648110877","amount":"0.02456800","price":"3044.94000000","tid":"5931630"},{"type":"buy","date":"1648110872","amount":"0.05420000","price":"3044.94000000","tid":"5931629"},{"type":"buy","date":"1648110872","amount":"0.07300000","price":"3044.94000000","tid":"5931628"},{"type":"buy","date":"1648110870","amount":"0.12900000","price":"3044.94000000","tid":"5931627"},{"type":"buy","date":"1648110863","amount":"0.05710000","price":"3044.90000000","tid":"5931626"},{"type":"buy","date":"1648110851","amount":"0.04800000","price":"3044.41000000","tid":"5931625"},{"type":"buy","date":"1648110851","amount":"0.04830000","price":"3044.41000000","tid":"5931624"},{"type":"sell","date":"1648110843","amount":"0.46300000","price":"3045.56000000","tid":"5931623"},{"type":"buy","date":"1648110839","amount":"0.02026000","price":"3045.83000000","tid":"5931622"},{"type":"buy","date":"1648110839","amount":"0.06374000","price":"3043.79000000","tid":"5931621"},{"type":"buy","date":"1648110839","amount":"0.04070000","price":"3043.79000000","tid":"5931620"},{"type":"buy","date":"1648110839","amount":"0.02600000","price":"3043.79000000","tid":"5931619"},{"type":"buy","date":"1648110838","amount":"0.03250000","price":"3043.79000000","tid":"5931618"},{"type":"buy","date":"1648110837","amount":"0.04070000","price":"3043.79000000","tid":"5931617"},{"type":"buy","date":"1648110836","amount":"0.05090000","price":"3043.79000000","tid":"5931616"},{"type":"buy","date":"1648110836","amount":"0.08470000","price":"3043.79000000","tid":"5931615"},{"type":"buy","date":"1648110836","amount":"0.08470000","price":"3043.79000000","tid":"5931614"},{"type":"buy","date":"1648110831","amount":"0.14000000","price":"3043.79000000","tid":"5931613"},{"type":"buy","date":"1648110831","amount":"0.14090000","price":"3043.79000000","tid":"5931612"},{"type":"buy","date":"1648110816","amount":"0.07471800","price":"3043.18000000","tid":"5931611"},{"type":"buy","date":"1648110816","amount":"0.03828200","price":"3043.18000000","tid":"5931610"},{"type":"buy","date":"1648110816","amount":"0.07100000","price":"3043.18000000","tid":"5931609"},{"type":"buy","date":"1648110816","amount":"0.04610000","price":"3043.18000000","tid":"5931608"},{"type":"buy","date":"1648110814","amount":"0.05630000","price":"3043.18000000","tid":"5931607"},{"type":"buy","date":"1648110814","amount":"0.07030000","price":"3043.18000000","tid":"5931606"},{"type":"buy","date":"1648110814","amount":"0.07000000","price":"3043.18000000","tid":"5931605"},{"type":"buy","date":"1648110811","amount":"0.08790000","price":"3043.18000000","tid":"5931604"},{"type":"buy","date":"1648110810","amount":"0.11240000","price":"3043.18000000","tid":"5931603"},{"type":"buy","date":"1648110810","amount":"0.01000000","price":"3043.18000000","tid":"5931602"},{"type":"buy","date":"1648110809","amount":"0.14262900","price":"3043.18000000","tid":"5931601"},{"type":"buy","date":"1648110809","amount":"0.02605200","price":"3043.17000000","tid":"5931600"},{"type":"buy","date":"1648110809","amount":"0.01158500","price":"3043.17000000","tid":"5931599"},{"type":"buy","date":"1648110809","amount":"0.01217000","price":"3043.17000000","tid":"5931598"},{"type":"buy","date":"1648110809","amount":"0.00756400","price":"3043.17000000","tid":"5931597"},{"type":"buy","date":"1648110809","amount":"0.01040000","price":"3043.17000000","tid":"5931596"},{"type":"buy","date":"1648110809","amount":"0.01040000","price":"3043.17000000","tid":"5931595"},{"type":"sell","date":"1648110723","amount":"0.70498100","price":"3043.01000000","tid":"5931594"},{"type":"sell","date":"1648110699","amount":"0.02963600","price":"3041.93000000","tid":"5931593"},{"type":"buy","date":"1648110699","amount":"0.02186200","price":"3043.98000000","tid":"5931592"},{"type":"buy","date":"1648110699","amount":"0.09567100","price":"3041.94000000","tid":"5931591"},{"type":"buy","date":"1648110698","amount":"0.40500000","price":"3041.94000000","tid":"5931590"},{"type":"buy","date":"1648110698","amount":"0.20438300","price":"3041.94000000","tid":"5931589"},{"type":"buy","date":"1648110698","amount":"0.03921700","price":"3041.62000000","tid":"5931588"},{"type":"buy","date":"1648110695","amount":"0.38060000","price":"3041.62000000","tid":"5931587"},{"type":"buy","date":"1648110694","amount":"0.47580000","price":"3041.62000000","tid":"5931586"},{"type":"buy","date":"1648110694","amount":"0.72100000","price":"3041.62000000","tid":"5931585"},{"type":"buy","date":"1648110693","amount":"0.45310000","price":"3041.62000000","tid":"5931584"},{"type":"sell","date":"1648110685","amount":"0.70532700","price":"3040.99000000","tid":"5931583"},{"type":"sell","date":"1648110678","amount":"0.30000000","price":"3040.99000000","tid":"5931582"},{"type":"sell","date":"1648110660","amount":"0.69539800","price":"3040.36000000","tid":"5931581"},{"type":"sell","date":"1648110660","amount":"0.01000000","price":"3040.39000000","tid":"5931580"},{"type":"sell","date":"1648110636","amount":"0.68546800","price":"3038.47000000","tid":"5931579"},{"type":"sell","date":"1648110636","amount":"0.02000000","price":"3039.23000000","tid":"5931578"},{"type":"sell","date":"1648110628","amount":"0.30553900","price":"3038.68000000","tid":"5931577"},{"type":"sell","date":"1648110628","amount":"0.40000000","price":"3038.96000000","tid":"5931576"},{"type":"buy","date":"1648110622","amount":"0.02238800","price":"3039.17000000","tid":"5931575"},{"type":"buy","date":"1648110622","amount":"0.01061200","price":"3037.13000000","tid":"5931574"},{"type":"buy","date":"1648110622","amount":"0.03370000","price":"3037.13000000","tid":"5931573"},{"type":"buy","date":"1648110622","amount":"0.02160000","price":"3037.13000000","tid":"5931572"},{"type":"buy","date":"1648110622","amount":"0.04220000","price":"3037.13000000","tid":"5931571"},{"type":"buy","date":"1648110621","amount":"0.02700000","price":"3037.13000000","tid":"5931570"},{"type":"buy","date":"1648110620","amount":"0.03370000","price":"3037.13000000","tid":"5931569"},{"type":"buy","date":"1648110619","amount":"0.12350000","price":"3037.13000000","tid":"5931568"},{"type":"buy","date":"1648110619","amount":"0.13670000","price":"3037.13000000","tid":"5931567"},{"type":"buy","date":"1648110619","amount":"0.13600000","price":"3037.13000000","tid":"5931566"},{"type":"buy","date":"1648110619","amount":"0.05280000","price":"3037.13000000","tid":"5931565"},{"type":"buy","date":"1648110617","amount":"0.06600000","price":"3037.13000000","tid":"5931564"},{"type":"buy","date":"1648110610","amount":"0.02180000","price":"3037.13000000","tid":"5931563"},{"type":"buy","date":"1648110558","amount":"0.08790000","price":"3037.06000000","tid":"5931562"},{"type":"sell","date":"1648110424","amount":"0.31079300","price":"3036.99000000","tid":"5931561"},{"type":"sell","date":"1648110424","amount":"0.02000000","price":"3037.01000000","tid":"5931560"},{"type":"buy","date":"1648110421","amount":"0.02010000","price":"3037.02000000","tid":"5931559"},{"type":"buy","date":"1648110412","amount":"0.01860000","price":"3036.50000000","tid":"5931558"},{"type":"buy","date":"1648110409","amount":"0.03430000","price":"3036.50000000","tid":"5931557"},{"type":"buy","date":"1648110406","amount":"0.14500000","price":"3036.50000000","tid":"5931556"},{"type":"buy","date":"1648110406","amount":"0.07920000","price":"3036.50000000","tid":"5931555"},{"type":"buy","date":"1648110405","amount":"0.09280000","price":"3036.50000000","tid":"5931554"},{"type":"buy","date":"1648110402","amount":"0.11600000","price":"3036.50000000","tid":"5931553"},{"type":"buy","date":"1648110399","amount":"0.14500000","price":"3036.50000000","tid":"5931552"},{"type":"sell","date":"1648110371","amount":"0.02000000","price":"3036.49000000","tid":"5931551"},{"type":"sell","date":"1648110289","amount":"0.03000000","price":"3035.90000000","tid":"5931550"},{"type":"sell","date":"1648110098","amount":"0.22318600","price":"3036.10000000","tid":"5931549"},{"type":"sell","date":"1648110051","amount":"0.01950000","price":"3036.64000000","tid":"5931548"},{"type":"sell","date":"1648110048","amount":"0.02440000","price":"3036.64000000","tid":"5931547"},{"type":"sell","date":"1648110048","amount":"0.14100000","price":"3036.64000000","tid":"5931546"},{"type":"sell","date":"1648110048","amount":"0.07250000","price":"3036.64000000","tid":"5931545"},{"type":"sell","date":"1648110047","amount":"0.08390000","price":"3036.64000000","tid":"5931544"},{"type":"sell","date":"1648110047","amount":"0.10490000","price":"3036.64000000","tid":"5931543"},{"type":"sell","date":"1648110046","amount":"0.03990000","price":"3036.64000000","tid":"5931542"},{"type":"sell","date":"1648110046","amount":"0.14110000","price":"3036.64000000","tid":"5931541"},{"type":"sell","date":"1648110044","amount":"0.18390000","price":"3036.84000000","tid":"5931540"},{"type":"sell","date":"1648110044","amount":"0.28200000","price":"3036.84000000","tid":"5931539"},{"type":"sell","date":"1648110043","amount":"0.18900000","price":"3036.84000000","tid":"5931538"},{"type":"sell","date":"1648110043","amount":"0.04630000","price":"3036.84000000","tid":"5931537"},{"type":"sell","date":"1648110043","amount":"0.25520000","price":"3036.84000000","tid":"5931536"},{"type":"sell","date":"1648110016","amount":"0.00890000","price":"3037.21000000","tid":"5931535"},{"type":"sell","date":"1648110015","amount":"0.01130000","price":"3037.21000000","tid":"5931534"},{"type":"sell","date":"1648110014","amount":"0.01800000","price":"3037.21000000","tid":"5931533"},{"type":"sell","date":"1648110014","amount":"0.01870000","price":"3037.21000000","tid":"5931532"},{"type":"sell","date":"1648110013","amount":"0.09800000","price":"3037.21000000","tid":"5931531"},{"type":"sell","date":"1648110013","amount":"0.05710000","price":"3037.21000000","tid":"5931530"},{"type":"sell","date":"1648110013","amount":"0.06250000","price":"3037.21000000","tid":"5931529"},{"type":"sell","date":"1648110008","amount":"0.08290000","price":"3037.21000000","tid":"5931528"},{"type":"sell","date":"1648110008","amount":"0.09880000","price":"3037.21000000","tid":"5931527"},{"type":"sell","date":"1648110007","amount":"0.10900000","price":"3037.21000000","tid":"5931526"},{"type":"sell","date":"1648110007","amount":"0.10236400","price":"3037.21000000","tid":"5931525"},{"type":"sell","date":"1648110007","amount":"0.01163600","price":"3037.33000000","tid":"5931524"},{"type":"sell","date":"1648110001","amount":"0.14300000","price":"3037.33000000","tid":"5931523"},{"type":"sell","date":"1648109968","amount":"0.14100000","price":"3037.46000000","tid":"5931522"},{"type":"sell","date":"1648109856","amount":"0.07400000","price":"3037.53000000","tid":"5931521"},{"type":"sell","date":"1648109855","amount":"0.00980000","price":"3037.53000000","tid":"5931520"},{"type":"sell","date":"1648109850","amount":"0.09200000","price":"3037.82000000","tid":"5931519"},{"type":"sell","date":"1648109840","amount":"0.11200000","price":"3037.82000000","tid":"5931518"},{"type":"sell","date":"1648109840","amount":"0.11510000","price":"3037.82000000","tid":"5931517"},{"type":"sell","date":"1648109840","amount":"0.01580000","price":"3037.82000000","tid":"5931516"},{"type":"sell","date":"1648109834","amount":"0.14100000","price":"3037.94000000","tid":"5931515"},{"type":"sell","date":"1648109809","amount":"0.06700000","price":"3038.00000000","tid":"5931514"},{"type":"sell","date":"1648109767","amount":"0.11280000","price":"3038.21000000","tid":"5931513"},{"type":"sell","date":"1648109762","amount":"0.14100000","price":"3038.21000000","tid":"5931512"},{"type":"buy","date":"1648109626","amount":"0.11450000","price":"3038.61000000","tid":"5931511"},{"type":"buy","date":"1648109625","amount":"0.14100000","price":"3038.61000000","tid":"5931510"},{"type":"buy","date":"1648109619","amount":"0.11280000","price":"3038.39000000","tid":"5931509"},{"type":"buy","date":"1648109615","amount":"0.14100000","price":"3038.39000000","tid":"5931508"},{"type":"sell","date":"1648109576","amount":"0.14110000","price":"3037.90000000","tid":"5931507"},{"type":"buy","date":"1648109480","amount":"0.10000000","price":"3038.43000000","tid":"5931506"},{"type":"buy","date":"1648109474","amount":"0.01200000","price":"3037.86000000","tid":"5931505"},{"type":"buy","date":"1648109473","amount":"0.01990000","price":"3037.86000000","tid":"5931504"},{"type":"buy","date":"1648109473","amount":"0.01990000","price":"3037.86000000","tid":"5931503"},{"type":"buy","date":"1648109472","amount":"0.05640000","price":"3037.86000000","tid":"5931502"},{"type":"buy","date":"1648109472","amount":"0.05640000","price":"3037.86000000","tid":"5931501"},{"type":"buy","date":"1648109471","amount":"0.01310000","price":"3037.86000000","tid":"5931500"},{"type":"buy","date":"1648109470","amount":"0.05640000","price":"3037.86000000","tid":"5931499"},{"type":"buy","date":"1648109469","amount":"0.14110000","price":"3037.86000000","tid":"5931498"},{"type":"buy","date":"1648109469","amount":"0.14110000","price":"3037.86000000","tid":"5931497"},{"type":"buy","date":"1648109469","amount":"0.14110000","price":"3037.86000000","tid":"5931496"},{"type":"buy","date":"1648109460","amount":"0.02690000","price":"3037.30000000","tid":"5931495"},{"type":"buy","date":"1648109459","amount":"0.02690000","price":"3037.30000000","tid":"5931494"},{"type":"buy","date":"1648109458","amount":"0.02690000","price":"3037.30000000","tid":"5931493"},{"type":"buy","date":"1648109457","amount":"0.03370000","price":"3037.30000000","tid":"5931492"},{"type":"buy","date":"1648109456","amount":"0.04210000","price":"3037.30000000","tid":"5931491"},{"type":"buy","date":"1648109455","amount":"0.05260000","price":"3037.30000000","tid":"5931490"},{"type":"buy","date":"1648109455","amount":"0.19750000","price":"3037.30000000","tid":"5931489"},{"type":"buy","date":"1648109454","amount":"0.11510000","price":"3037.30000000","tid":"5931488"},{"type":"buy","date":"1648109454","amount":"0.12977400","price":"3037.30000000","tid":"5931487"},{"type":"buy","date":"1648109454","amount":"0.01132600","price":"3037.17000000","tid":"5931486"},{"type":"sell","date":"1648109428","amount":"0.70566300","price":"3037.16000000","tid":"5931485"},{"type":"buy","date":"1648109423","amount":"0.02400000","price":"3037.17000000","tid":"5931484"},{"type":"buy","date":"1648109422","amount":"0.03416700","price":"3037.17000000","tid":"5931483"},{"type":"buy","date":"1648109422","amount":"0.02213300","price":"3036.09000000","tid":"5931482"},{"type":"buy","date":"1648109421","amount":"0.07750000","price":"3036.09000000","tid":"5931481"},{"type":"buy","date":"1648109421","amount":"0.02490000","price":"3036.09000000","tid":"5931480"},{"type":"buy","date":"1648109421","amount":"0.05600000","price":"3036.09000000","tid":"5931479"},{"type":"buy","date":"1648109420","amount":"0.04510000","price":"3036.09000000","tid":"5931478"},{"type":"buy","date":"1648109419","amount":"0.05630000","price":"3036.09000000","tid":"5931477"},{"type":"buy","date":"1648109419","amount":"0.10600000","price":"3036.09000000","tid":"5931476"},{"type":"buy","date":"1648109419","amount":"0.03380000","price":"3036.09000000","tid":"5931475"}]