[{"symbol":"ETH","type":"buy","date":"1648118440","amount":"0.10000000","price":"3053.59","tid":"5932474"},{"symbol":"ETH","type":"buy","date":"1648118426","amount":"0.09000000","price":"3053.29","tid":"5932473"},{"symbol":"ETH","type":"buy","date":"1648118424","amount":"0.11200000","price":"3053.29","tid":"5932472"},{"symbol":"ETH","type":"buy","date":"1648118422","amount":"0.14000000","price":"3053.29","tid":"5932471"},{"symbol":"ETH","type":"buy","date":"1648118379","amount":"0.11200000","price":"3053.07","tid":"5932470"},{"symbol":"ETH","type":"buy","date":"1648118370","amount":"0.14000000","price":"3053.07","tid":"5932469"},{"symbol":"ETH","type":"buy","date":"1648118364","amount":"0.11200000","price":"3052.86","tid":"5932468"},{"symbol":"ETH","type":"buy","date":"1648118359","amount":"0.14000000","price":"3052.86","tid":"5932467"},{"symbol":"ETH","type":"buy","date":"1648118344","amount":"0.12100000","price":"3052.67","tid":"5932466"},{"symbol":"ETH","type":"buy","date":"1648118339","amount":"0.09800000","price":"3052.67","tid":"5932465"},{"symbol":"ETH","type":"buy","date":"1648118334","amount":"0.12200000","price":"3052.48","tid":"5932464"},{"symbol":"ETH","type":"buy","date":"1648118319","amount":"0.09000000","price":"3052.48","tid":"5932463"},{"symbol":"ETH","type":"buy","date":"1648118311","amount":"0.11200000","price":"3052.26","tid":"5932462"},{"symbol":"ETH","type":"buy","date":"1648118309","amount":"0.14000000","price":"3052.26","tid":"5932461"},{"symbol":"ETH","type":"sell","date":"1648118241","amount":"0.11100000","price":"3051.15","tid":"5932460"},{"symbol":"ETH","type":"sell","date":"1648118241","amount":"0.71900000","price":"3052.45","tid":"5932459"},{"symbol":"ETH","type":"sell","date":"1648118238","amount":"0.70393100","price":"3052.45","tid":"5932458"},{"symbol":"ETH","type":"sell","date":"1648118230","amount":"0.70400100","price":"3051.75","tid":"5932457"},{"symbol":"ETH","type":"sell","date":"1648118213","amount":"0.03312300","price":"3051.75","tid":"5932456"},{"symbol":"ETH","type":"sell","date":"1648118205","amount":"0.70407200","price":"3050.85","tid":"5932455"},{"symbol":"ETH","type":"sell","date":"1648118181","amount":"0.70414200","price":"3051.25","tid":"5932454"},{"symbol":"ETH","type":"buy","date":"1648118177","amount":"0.23321300","price":"3049.21","tid":"5932453"},{"symbol":"ETH","type":"buy","date":"1648118176","amount":"0.05700000","price":"3049.21","tid":"5932452"},{"symbol":"ETH","type":"buy","date":"1648118174","amount":"0.07200000","price":"3049.21","tid":"5932451"},{"symbol":"ETH","type":"buy","date":"1648118173","amount":"0.09000000","price":"3049.21","tid":"5932450"},{"symbol":"ETH","type":"buy","date":"1648118169","amount":"0.11200000","price":"3049.21","tid":"5932449"},{"symbol":"ETH","type":"buy","date":"1648118158","amount":"0.14000000","price":"3049.21","tid":"5932448"},{"symbol":"ETH","type":"buy","date":"1648118148","amount":"0.14000000","price":"3049.09","tid":"5932447"},{"symbol":"ETH","type":"sell","date":"1648118119","amount":"0.06682800","price":"3048.56","tid":"5932446"},{"symbol":"ETH","type":"sell","date":"1648118106","amount":"0.01000000","price":"3048.57","tid":"5932445"},{"symbol":"ETH","type":"sell","date":"1648118095","amount":"0.02000000","price":"3048.76","tid":"5932444"},{"symbol":"ETH","type":"buy","date":"1648117892","amount":"0.14000000","price":"3048.97","tid":"5932443"},{"symbol":"ETH","type":"buy","date":"1648117705","amount":"0.08100000","price":"3048.9","tid":"5932442"},{"symbol":"ETH","type":"buy","date":"1648117690","amount":"0.10200000","price":"3048.64","tid":"5932441"},{"symbol":"ETH","type":"buy","date":"1648117688","amount":"0.12700000","price":"3048.64","tid":"5932440"},{"symbol":"ETH","type":"buy","date":"1648117679","amount":"0.02808100","price":"3048.64","tid":"5932439"},{"symbol":"ETH","type":"sell","date":"1648117678","amount":"0.03880000","price":"3049.14","tid":"5932438"},{"symbol":"ETH","type":"sell","date":"1648117654","amount":"0.70434900","price":"3049.36","tid":"5932437"},{"symbol":"ETH","type":"buy","date":"1648117651","amount":"0.37751900","price":"3047.42","tid":"5932436"},{"symbol":"ETH","type":"buy","date":"1648117650","amount":"0.01690000","price":"3047.42","tid":"5932435"},{"symbol":"ETH","type":"buy","date":"1648117649","amount":"0.09800000","price":"3047.42","tid":"5932434"},{"symbol":"ETH","type":"buy","date":"1648117642","amount":"0.12200000","price":"3047.42","tid":"5932433"},{"symbol":"ETH","type":"buy","date":"1648117640","amount":"0.09000000","price":"3047.42","tid":"5932432"},{"symbol":"ETH","type":"buy","date":"1648117636","amount":"0.11200000","price":"3047.21","tid":"5932431"},{"symbol":"ETH","type":"buy","date":"1648117630","amount":"0.14000000","price":"3047.21","tid":"5932430"},{"symbol":"ETH","type":"buy","date":"1648117620","amount":"0.12200000","price":"3047.02","tid":"5932429"},{"symbol":"ETH","type":"buy","date":"1648117597","amount":"0.09000000","price":"3047.02","tid":"5932428"},{"symbol":"ETH","type":"buy","date":"1648117592","amount":"0.01920000","price":"3046.79","tid":"5932427"},{"symbol":"ETH","type":"buy","date":"1648117590","amount":"0.11200000","price":"3046.79","tid":"5932426"},{"symbol":"ETH","type":"buy","date":"1648117588","amount":"0.14000000","price":"3046.79","tid":"5932425"},{"symbol":"ETH","type":"buy","date":"1648117580","amount":"0.08300000","price":"3046.72","tid":"5932424"},{"symbol":"ETH","type":"buy","date":"1648117571","amount":"0.10400000","price":"3046.47","tid":"5932423"},{"symbol":"ETH","type":"buy","date":"1648117567","amount":"0.00400000","price":"3046.47","tid":"5932422"},{"symbol":"ETH","type":"buy","date":"1648117565","amount":"0.04100000","price":"3046.47","tid":"5932421"},{"symbol":"ETH","type":"buy","date":"1648117553","amount":"0.14000000","price":"3046.47","tid":"5932420"},{"symbol":"ETH","type":"buy","date":"1648117545","amount":"0.05000000","price":"3046.3","tid":"5932419"},{"symbol":"ETH","type":"buy","date":"1648117539","amount":"0.14000000","price":"3046.3","tid":"5932418"},{"symbol":"ETH","type":"buy","date":"1648117519","amount":"0.13200000","price":"3045.99","tid":"5932417"},{"symbol":"ETH","type":"buy","date":"1648117519","amount":"0.03000000","price":"3045.99","tid":"5932416"},{"symbol":"ETH","type":"buy","date":"1648117515","amount":"0.03000000","price":"3045.99","tid":"5932415"},{"symbol":"ETH","type":"buy","date":"1648117515","amount":"0.04000000","price":"3045.99","tid":"5932414"},{"symbol":"ETH","type":"buy","date":"1648117514","amount":"0.13200000","price":"3045.95","tid":"5932413"},{"symbol":"ETH","type":"buy","date":"1648117509","amount":"0.04010000","price":"3045.95","tid":"5932412"},{"symbol":"ETH","type":"buy","date":"1648117487","amount":"0.04000000","price":"3045.36","tid":"5932411"},{"symbol":"ETH","type":"buy","date":"1648117487","amount":"0.03400000","price":"3045.36","tid":"5932410"},{"symbol":"ETH","type":"buy","date":"1648117487","amount":"0.02000000","price":"3045.36","tid":"5932409"},{"symbol":"ETH","type":"buy","date":"1648117487","amount":"0.02730000","price":"3045.36","tid":"5932408"},{"symbol":"ETH","type":"buy","date":"1648117486","amount":"0.03410000","price":"3045.36","tid":"5932407"},{"symbol":"ETH","type":"buy","date":"1648117485","amount":"0.04270000","price":"3045.36","tid":"5932406"},{"symbol":"ETH","type":"buy","date":"1648117484","amount":"0.07610000","price":"3045.36","tid":"5932405"},{"symbol":"ETH","type":"buy","date":"1648117484","amount":"0.06000000","price":"3045.36","tid":"5932404"},{"symbol":"ETH","type":"buy","date":"1648117484","amount":"0.11890000","price":"3045.36","tid":"5932403"},{"symbol":"ETH","type":"buy","date":"1648117475","amount":"0.09510000","price":"3045.36","tid":"5932402"},{"symbol":"ETH","type":"buy","date":"1648117475","amount":"0.14090000","price":"3045.36","tid":"5932401"},{"symbol":"ETH","type":"buy","date":"1648117461","amount":"0.12490000","price":"3045.18","tid":"5932400"},{"symbol":"ETH","type":"buy","date":"1648117443","amount":"0.08000000","price":"3045.18","tid":"5932399"},{"symbol":"ETH","type":"buy","date":"1648117430","amount":"0.03700000","price":"3045.03","tid":"5932398"},{"symbol":"ETH","type":"buy","date":"1648117427","amount":"0.14090000","price":"3045.03","tid":"5932397"},{"symbol":"ETH","type":"buy","date":"1648117350","amount":"0.04000000","price":"3044.94","tid":"5932396"},{"symbol":"ETH","type":"buy","date":"1648117343","amount":"0.05780000","price":"3044.94","tid":"5932395"},{"symbol":"ETH","type":"buy","date":"1648117335","amount":"0.07230000","price":"3044.46","tid":"5932394"},{"symbol":"ETH","type":"buy","date":"1648117335","amount":"0.14090000","price":"3044.46","tid":"5932393"},{"symbol":"ETH","type":"buy","date":"1648117333","amount":"0.00520000","price":"3044.46","tid":"5932392"},{"symbol":"ETH","type":"buy","date":"1648117332","amount":"0.05600000","price":"3044.46","tid":"5932391"},{"symbol":"ETH","type":"buy","date":"1648117331","amount":"0.10430000","price":"3044.46","tid":"5932390"},{"symbol":"ETH","type":"buy","date":"1648117330","amount":"0.13040000","price":"3044.46","tid":"5932389"},{"symbol":"ETH","type":"buy","date":"1648117328","amount":"0.05240000","price":"3044.46","tid":"5932388"},{"symbol":"ETH","type":"sell","date":"1648116999","amount":"0.14000000","price":"3043.96","tid":"5932387"},{"symbol":"ETH","type":"buy","date":"1648116977","amount":"0.32518300","price":"3043.97","tid":"5932386"},{"symbol":"ETH","type":"sell","date":"1648116954","amount":"0.08000000","price":"3044.03","tid":"5932385"},{"symbol":"ETH","type":"sell","date":"1648116938","amount":"0.07400000","price":"3044.16","tid":"5932384"},{"symbol":"ETH","type":"sell","date":"1648116936","amount":"0.08400000","price":"3044.16","tid":"5932383"},{"symbol":"ETH","type":"sell","date":"1648116931","amount":"0.02900000","price":"3044.71","tid":"5932382"},{"symbol":"ETH","type":"sell","date":"1648116931","amount":"0.01800000","price":"3044.71","tid":"5932381"},{"symbol":"ETH","type":"sell","date":"1648116930","amount":"0.03200000","price":"3044.71","tid":"5932380"},{"symbol":"ETH","type":"sell","date":"1648116929","amount":"0.12400000","price":"3044.71","tid":"5932379"},{"symbol":"ETH","type":"sell","date":"1648116928","amount":"0.03700000","price":"3044.71","tid":"5932378"},{"symbol":"ETH","type":"sell","date":"1648116927","amount":"0.02000000","price":"3044.71","tid":"5932377"},{"symbol":"ETH","type":"sell","date":"1648116927","amount":"0.04400000","price":"3044.71","tid":"5932376"},{"symbol":"ETH","type":"sell","date":"1648116925","amount":"0.05000000","price":"3044.71","tid":"5932375"},{"symbol":"ETH","type":"sell","date":"1648116924","amount":"0.05700000","price":"3044.71","tid":"5932374"},{"symbol":"ETH","type":"sell","date":"1648116923","amount":"0.06500000","price":"3044.71","tid":"5932373"},{"symbol":"ETH","type":"sell","date":"1648116921","amount":"0.07400000","price":"3044.71","tid":"5932372"},{"symbol":"ETH","type":"sell","date":"1648116919","amount":"0.08400000","price":"3044.71","tid":"5932371"},{"symbol":"ETH","type":"sell","date":"1648116914","amount":"0.05700000","price":"3045.24","tid":"5932370"},{"symbol":"ETH","type":"sell","date":"1648116913","amount":"0.02000000","price":"3045.24","tid":"5932369"},{"symbol":"ETH","type":"sell","date":"1648116911","amount":"0.02200000","price":"3045.24","tid":"5932368"},{"symbol":"ETH","type":"sell","date":"1648116910","amount":"0.06500000","price":"3045.24","tid":"5932367"},{"symbol":"ETH","type":"sell","date":"1648116910","amount":"0.03400000","price":"3045.24","tid":"5932366"},{"symbol":"ETH","type":"sell","date":"1648116909","amount":"0.03900000","price":"3045.24","tid":"5932365"},{"symbol":"ETH","type":"sell","date":"1648116907","amount":"0.09600000","price":"3045.24","tid":"5932364"},{"symbol":"ETH","type":"sell","date":"1648116907","amount":"0.05700000","price":"3045.24","tid":"5932363"},{"symbol":"ETH","type":"sell","date":"1648116905","amount":"0.06500000","price":"3045.24","tid":"5932362"},{"symbol":"ETH","type":"sell","date":"1648116904","amount":"0.07400000","price":"3045.24","tid":"5932361"},{"symbol":"ETH","type":"sell","date":"1648116902","amount":"0.08400000","price":"3045.24","tid":"5932360"},{"symbol":"ETH","type":"sell","date":"1648116898","amount":"0.00800000","price":"3045.83","tid":"5932359"},{"symbol":"ETH","type":"sell","date":"1648116897","amount":"0.01400000","price":"3045.83","tid":"5932358"},{"symbol":"ETH","type":"sell","date":"1648116897","amount":"0.01000000","price":"3045.83","tid":"5932357"},{"symbol":"ETH","type":"sell","date":"1648116895","amount":"0.02000000","price":"3045.83","tid":"5932356"},{"symbol":"ETH","type":"sell","date":"1648116893","amount":"0.03000000","price":"3045.83","tid":"5932355"},{"symbol":"ETH","type":"sell","date":"1648116892","amount":"0.01800000","price":"3045.83","tid":"5932354"},{"symbol":"ETH","type":"sell","date":"1648116892","amount":"0.03400000","price":"3045.83","tid":"5932353"},{"symbol":"ETH","type":"sell","date":"1648116890","amount":"0.02000000","price":"3045.83","tid":"5932352"},{"symbol":"ETH","type":"sell","date":"1648116889","amount":"0.03000000","price":"3045.83","tid":"5932351"},{"symbol":"ETH","type":"sell","date":"1648116889","amount":"0.05000000","price":"3045.83","tid":"5932350"},{"symbol":"ETH","type":"sell","date":"1648116888","amount":"0.00800000","price":"3045.83","tid":"5932349"},{"symbol":"ETH","type":"sell","date":"1648116887","amount":"0.03500000","price":"3045.83","tid":"5932348"},{"symbol":"ETH","type":"sell","date":"1648116885","amount":"0.04000000","price":"3045.83","tid":"5932347"},{"symbol":"ETH","type":"sell","date":"1648116884","amount":"0.04500000","price":"3045.83","tid":"5932346"},{"symbol":"ETH","type":"sell","date":"1648116883","amount":"0.05100000","price":"3045.83","tid":"5932345"},{"symbol":"ETH","type":"sell","date":"1648116881","amount":"0.05800000","price":"3045.83","tid":"5932344"},{"symbol":"ETH","type":"sell","date":"1648116879","amount":"0.06600000","price":"3045.83","tid":"5932343"},{"symbol":"ETH","type":"sell","date":"1648116878","amount":"0.07500000","price":"3045.83","tid":"5932342"},{"symbol":"ETH","type":"sell","date":"1648116876","amount":"0.07455600","price":"3045.83","tid":"5932341"},{"symbol":"ETH","type":"sell","date":"1648116876","amount":"0.00944400","price":"3046.17","tid":"5932340"},{"symbol":"ETH","type":"sell","date":"1648116871","amount":"0.01000000","price":"3046.41","tid":"5932339"},{"symbol":"ETH","type":"sell","date":"1648116870","amount":"0.01700000","price":"3046.41","tid":"5932338"},{"symbol":"ETH","type":"sell","date":"1648116869","amount":"0.01700000","price":"3046.41","tid":"5932337"},{"symbol":"ETH","type":"sell","date":"1648116866","amount":"0.09900000","price":"3046.41","tid":"5932336"},{"symbol":"ETH","type":"sell","date":"1648116866","amount":"0.03720000","price":"3046.41","tid":"5932335"},{"symbol":"ETH","type":"sell","date":"1648116866","amount":"0.03480000","price":"3046.41","tid":"5932334"},{"symbol":"ETH","type":"sell","date":"1648116865","amount":"0.04000000","price":"3046.41","tid":"5932333"},{"symbol":"ETH","type":"sell","date":"1648116865","amount":"0.05440000","price":"3046.41","tid":"5932332"},{"symbol":"ETH","type":"sell","date":"1648116865","amount":"0.05000000","price":"3046.41","tid":"5932331"},{"symbol":"ETH","type":"sell","date":"1648116862","amount":"0.06000000","price":"3046.41","tid":"5932330"},{"symbol":"ETH","type":"sell","date":"1648116859","amount":"0.03720000","price":"3046.41","tid":"5932329"},{"symbol":"ETH","type":"sell","date":"1648116858","amount":"0.04650000","price":"3046.41","tid":"5932328"},{"symbol":"ETH","type":"sell","date":"1648116858","amount":"0.11200000","price":"3046.41","tid":"5932327"},{"symbol":"ETH","type":"sell","date":"1648116858","amount":"0.04790000","price":"3046.41","tid":"5932326"},{"symbol":"ETH","type":"sell","date":"1648116826","amount":"0.14000000","price":"3046.53","tid":"5932325"},{"symbol":"ETH","type":"sell","date":"1648116633","amount":"0.04760000","price":"3046.86","tid":"5932324"},{"symbol":"ETH","type":"sell","date":"1648116633","amount":"0.09300000","price":"3046.86","tid":"5932323"},{"symbol":"ETH","type":"sell","date":"1648116626","amount":"0.04030000","price":"3046.86","tid":"5932322"},{"symbol":"ETH","type":"sell","date":"1648116626","amount":"0.06790000","price":"3046.86","tid":"5932321"},{"symbol":"ETH","type":"sell","date":"1648116625","amount":"0.06810000","price":"3046.86","tid":"5932320"},{"symbol":"ETH","type":"sell","date":"1648116625","amount":"0.06300000","price":"3046.86","tid":"5932319"},{"symbol":"ETH","type":"sell","date":"1648116484","amount":"0.07870000","price":"3047.08","tid":"5932318"},{"symbol":"ETH","type":"sell","date":"1648116483","amount":"0.09830000","price":"3047.08","tid":"5932317"},{"symbol":"ETH","type":"sell","date":"1648116482","amount":"0.08090000","price":"3047.08","tid":"5932316"},{"symbol":"ETH","type":"buy","date":"1648116452","amount":"0.09000000","price":"3047.42","tid":"5932315"},{"symbol":"ETH","type":"buy","date":"1648116451","amount":"0.11000000","price":"3047.42","tid":"5932314"},{"symbol":"ETH","type":"buy","date":"1648116449","amount":"0.13000000","price":"3047.42","tid":"5932313"},{"symbol":"ETH","type":"sell","date":"1648116442","amount":"0.01153100","price":"3046.81","tid":"5932312"},{"symbol":"ETH","type":"buy","date":"1648116441","amount":"0.00520000","price":"3046.82","tid":"5932311"},{"symbol":"ETH","type":"buy","date":"1648116440","amount":"0.00800000","price":"3046.82","tid":"5932310"},{"symbol":"ETH","type":"buy","date":"1648116439","amount":"0.00650000","price":"3046.82","tid":"5932309"},{"symbol":"ETH","type":"buy","date":"1648116438","amount":"0.00810000","price":"3046.82","tid":"5932308"},{"symbol":"ETH","type":"buy","date":"1648116438","amount":"0.01000000","price":"3046.82","tid":"5932307"},{"symbol":"ETH","type":"buy","date":"1648116438","amount":"0.01260000","price":"3046.82","tid":"5932306"},{"symbol":"ETH","type":"buy","date":"1648116437","amount":"0.09140000","price":"3046.82","tid":"5932305"},{"symbol":"ETH","type":"buy","date":"1648116436","amount":"0.03000000","price":"3046.82","tid":"5932304"},{"symbol":"ETH","type":"buy","date":"1648116436","amount":"0.09000000","price":"3046.82","tid":"5932303"},{"symbol":"ETH","type":"buy","date":"1648116435","amount":"0.09140000","price":"3046.82","tid":"5932302"},{"symbol":"ETH","type":"buy","date":"1648116435","amount":"0.09100000","price":"3046.82","tid":"5932301"},{"symbol":"ETH","type":"buy","date":"1648116431","amount":"0.11420000","price":"3046.82","tid":"5932300"},{"symbol":"ETH","type":"buy","date":"1648116430","amount":"0.13300000","price":"3046.82","tid":"5932299"},{"symbol":"ETH","type":"buy","date":"1648116425","amount":"0.03930000","price":"3046.78","tid":"5932298"},{"symbol":"ETH","type":"sell","date":"1648116314","amount":"0.04200000","price":"3046.3","tid":"5932297"},{"symbol":"ETH","type":"sell","date":"1648116309","amount":"0.11200000","price":"3046.3","tid":"5932296"},{"symbol":"ETH","type":"sell","date":"1648116304","amount":"0.03640000","price":"3046.45","tid":"5932295"},{"symbol":"ETH","type":"sell","date":"1648116291","amount":"0.14000000","price":"3046.45","tid":"5932294"},{"symbol":"ETH","type":"sell","date":"1648116284","amount":"0.08100000","price":"3047.01","tid":"5932293"},{"symbol":"ETH","type":"sell","date":"1648116283","amount":"0.03810000","price":"3047.01","tid":"5932292"},{"symbol":"ETH","type":"sell","date":"1648116283","amount":"0.02300000","price":"3047.01","tid":"5932291"},{"symbol":"ETH","type":"sell","date":"1648116281","amount":"0.02600000","price":"3047.01","tid":"5932290"},{"symbol":"ETH","type":"sell","date":"1648116280","amount":"0.05500000","price":"3047.01","tid":"5932289"},{"symbol":"ETH","type":"sell","date":"1648116277","amount":"0.03700000","price":"3047.01","tid":"5932288"},{"symbol":"ETH","type":"sell","date":"1648116275","amount":"0.04200000","price":"3047.01","tid":"5932287"},{"symbol":"ETH","type":"sell","date":"1648116274","amount":"0.04800000","price":"3047.01","tid":"5932286"},{"symbol":"ETH","type":"sell","date":"1648116273","amount":"0.14000000","price":"3047.01","tid":"5932285"},{"symbol":"ETH","type":"sell","date":"1648116272","amount":"0.07400000","price":"3047.01","tid":"5932284"},{"symbol":"ETH","type":"sell","date":"1648116270","amount":"0.08400000","price":"3047.01","tid":"5932283"},{"symbol":"ETH","type":"sell","date":"1648116267","amount":"0.04000000","price":"3047.41","tid":"5932282"},{"symbol":"ETH","type":"sell","date":"1648116267","amount":"0.04000000","price":"3047.41","tid":"5932281"},{"symbol":"ETH","type":"sell","date":"1648116266","amount":"0.07300000","price":"3047.41","tid":"5932280"},{"symbol":"ETH","type":"sell","date":"1648116266","amount":"0.05000000","price":"3047.41","tid":"5932279"},{"symbol":"ETH","type":"sell","date":"1648116266","amount":"0.06250000","price":"3047.41","tid":"5932278"},{"symbol":"ETH","type":"sell","date":"1648116265","amount":"0.07000000","price":"3047.41","tid":"5932277"},{"symbol":"ETH","type":"sell","date":"1648116265","amount":"0.03890000","price":"3047.41","tid":"5932276"},{"symbol":"ETH","type":"sell","date":"1648116265","amount":"0.09000000","price":"3047.41","tid":"5932275"},{"symbol":"ETH","type":"sell","date":"1648116204","amount":"0.03630000","price":"3047.77","tid":"5932274"},{"symbol":"ETH","type":"sell","date":"1648116204","amount":"0.06180000","price":"3047.77","tid":"5932273"},{"symbol":"ETH","type":"sell","date":"1648116204","amount":"0.04540000","price":"3047.77","tid":"5932272"},{"symbol":"ETH","type":"sell","date":"1648116203","amount":"0.06590000","price":"3047.77","tid":"5932271"},{"symbol":"ETH","type":"sell","date":"1648116203","amount":"0.14000000","price":"3047.77","tid":"5932270"},{"symbol":"ETH","type":"sell","date":"1648116203","amount":"0.06900000","price":"3047.77","tid":"5932269"},{"symbol":"ETH","type":"sell","date":"1648116195","amount":"0.14000000","price":"3047.9","tid":"5932268"},{"symbol":"ETH","type":"sell","date":"1648116168","amount":"0.14000000","price":"3048.02","tid":"5932267"},{"symbol":"ETH","type":"sell","date":"1648116133","amount":"0.00520000","price":"3048.61","tid":"5932266"},{"symbol":"ETH","type":"sell","date":"1648116132","amount":"0.00520000","price":"3048.61","tid":"5932265"},{"symbol":"ETH","type":"sell","date":"1648116131","amount":"0.00930000","price":"3048.61","tid":"5932264"},{"symbol":"ETH","type":"sell","date":"1648116131","amount":"0.01130000","price":"3048.61","tid":"5932263"},{"symbol":"ETH","type":"sell","date":"1648116131","amount":"0.01000000","price":"3048.61","tid":"5932262"},{"symbol":"ETH","type":"sell","date":"1648116130","amount":"0.01000000","price":"3048.61","tid":"5932261"},{"symbol":"ETH","type":"sell","date":"1648116130","amount":"0.02160000","price":"3048.61000000","tid":"5932260"},{"symbol":"ETH","type":"sell","date":"1648116130","amount":"0.02000000","price":"3048.61000000","tid":"5932259"},{"symbol":"ETH","type":"sell","date":"1648116129","amount":"0.02000000","price":"3048.61000000","tid":"5932258"},{"symbol":"ETH","type":"sell","date":"1648116129","amount":"0.09580000","price":"3048.61000000","tid":"5932257"},{"symbol":"ETH","type":"sell","date":"1648116129","amount":"0.11800000","price":"3048.61000000","tid":"5932256"},{"symbol":"ETH","type":"sell","date":"1648116129","amount":"0.12000000","price":"3048.61000000","tid":"5932255"},{"symbol":"ETH","type":"sell","date":"1648116129","amount":"0.13020000","price":"3048.61000000","tid":"5932254"},{"symbol":"ETH","type":"sell","date":"1648116128","amount":"0.11200000","price":"3048.61000000","tid":"5932253"},{"symbol":"ETH","type":"sell","date":"1648116118","amount":"0.14000000","price":"3048.73000000","tid":"5932252"},{"symbol":"ETH","type":"buy","date":"1648116073","amount":"0.67494600","price":"3047.92000000","tid":"5932251"},{"symbol":"ETH","type":"buy","date":"1648116073","amount":"0.02925000","price":"3047.92000000","tid":"5932250"},{"symbol":"ETH","type":"buy","date":"1648116048","amount":"0.70412600","price":"3048.53000000","tid":"5932249"},{"symbol":"ETH","type":"buy","date":"1648116024","amount":"0.70405600","price":"3049.19000000","tid":"5932248"},{"symbol":"ETH","type":"sell","date":"1648116020","amount":"0.05442000","price":"3049.18000000","tid":"5932247"},{"symbol":"ETH","type":"sell","date":"1648116020","amount":"0.00408000","price":"3051.22000000","tid":"5932246"},{"symbol":"ETH","type":"sell","date":"1648116020","amount":"0.14000000","price":"3051.22000000","tid":"5932245"},{"symbol":"ETH","type":"sell","date":"1648116019","amount":"0.04000000","price":"3051.22000000","tid":"5932244"},{"symbol":"ETH","type":"sell","date":"1648116019","amount":"0.05850000","price":"3051.22000000","tid":"5932243"},{"symbol":"ETH","type":"sell","date":"1648116019","amount":"0.05000000","price":"3051.22000000","tid":"5932242"},{"symbol":"ETH","type":"sell","date":"1648116019","amount":"0.14070000","price":"3051.22000000","tid":"5932241"},{"symbol":"ETH","type":"sell","date":"1648116019","amount":"0.14070000","price":"3051.22000000","tid":"5932240"},{"symbol":"ETH","type":"sell","date":"1648116019","amount":"0.13000000","price":"3051.22000000","tid":"5932239"},{"symbol":"ETH","type":"sell","date":"1648115998","amount":"0.14070000","price":"3051.55000000","tid":"5932238"},{"symbol":"ETH","type":"sell","date":"1648115998","amount":"0.11400000","price":"3051.55000000","tid":"5932237"},{"symbol":"ETH","type":"sell","date":"1648115993","amount":"0.12800000","price":"3051.55000000","tid":"5932236"},{"symbol":"ETH","type":"sell","date":"1648115986","amount":"0.06100000","price":"3051.61000000","tid":"5932235"},{"symbol":"ETH","type":"sell","date":"1648115968","amount":"0.04600000","price":"3051.65000000","tid":"5932234"},{"symbol":"ETH","type":"sell","date":"1648115928","amount":"0.14000000","price":"3051.77000000","tid":"5932233"},{"symbol":"ETH","type":"buy","date":"1648115854","amount":"0.06123800","price":"3052.14000000","tid":"5932232"},{"symbol":"ETH","type":"sell","date":"1648115836","amount":"0.22100000","price":"3052.55000000","tid":"5932231"},{"symbol":"ETH","type":"buy","date":"1648115826","amount":"0.29079800","price":"3053.14000000","tid":"5932230"},{"symbol":"ETH","type":"buy","date":"1648115808","amount":"0.21200500","price":"3053.14000000","tid":"5932229"},{"symbol":"ETH","type":"buy","date":"1648115808","amount":"0.28799500","price":"3051.10000000","tid":"5932228"},{"symbol":"ETH","type":"buy","date":"1648115807","amount":"0.07100000","price":"3051.10000000","tid":"5932227"},{"symbol":"ETH","type":"sell","date":"1648115805","amount":"0.34500000","price":"3052.35000000","tid":"5932226"},{"symbol":"ETH","type":"buy","date":"1648115800","amount":"0.11800000","price":"3052.43000000","tid":"5932225"},{"symbol":"ETH","type":"sell","date":"1648115796","amount":"0.70407700","price":"3051.38000000","tid":"5932224"},{"symbol":"ETH","type":"buy","date":"1648115791","amount":"0.02500000","price":"3051.80000000","tid":"5932223"},{"symbol":"ETH","type":"buy","date":"1648115789","amount":"0.12800000","price":"3051.00000000","tid":"5932222"},{"symbol":"ETH","type":"buy","date":"1648115789","amount":"0.03200000","price":"3051.00000000","tid":"5932221"},{"symbol":"ETH","type":"buy","date":"1648115786","amount":"0.04000000","price":"3051.00000000","tid":"5932220"},{"symbol":"ETH","type":"sell","date":"1648115770","amount":"0.17715000","price":"3049.90000000","tid":"5932219"},{"symbol":"ETH","type":"sell","date":"1648115770","amount":"0.52700000","price":"3049.90000000","tid":"5932218"},{"symbol":"ETH","type":"buy","date":"1648115766","amount":"0.53300000","price":"3049.91000000","tid":"5932217"},{"symbol":"ETH","type":"buy","date":"1648115765","amount":"0.24400000","price":"3049.91000000","tid":"5932216"},{"symbol":"ETH","type":"buy","date":"1648115763","amount":"0.24200000","price":"3049.91000000","tid":"5932215"},{"symbol":"ETH","type":"buy","date":"1648115763","amount":"0.03000000","price":"3049.91000000","tid":"5932214"},{"symbol":"ETH","type":"buy","date":"1648115763","amount":"0.04000000","price":"3049.91000000","tid":"5932213"},{"symbol":"ETH","type":"buy","date":"1648115763","amount":"0.38200000","price":"3049.91000000","tid":"5932212"},{"symbol":"ETH","type":"buy","date":"1648115758","amount":"0.00400000","price":"3049.28000000","tid":"5932211"},{"symbol":"ETH","type":"buy","date":"1648115758","amount":"0.00450000","price":"3049.28000000","tid":"5932210"},{"symbol":"ETH","type":"sell","date":"1648115756","amount":"0.70436800","price":"3049.15000000","tid":"5932209"},{"symbol":"ETH","type":"buy","date":"1648115751","amount":"0.00877100","price":"3049.29000000","tid":"5932208"},{"symbol":"ETH","type":"buy","date":"1648115751","amount":"0.00622900","price":"3047.25000000","tid":"5932207"},{"symbol":"ETH","type":"buy","date":"1648115750","amount":"0.01970000","price":"3047.25000000","tid":"5932206"},{"symbol":"ETH","type":"sell","date":"1648115749","amount":"0.02212000","price":"3047.24000000","tid":"5932205"},{"symbol":"ETH","type":"buy","date":"1648115749","amount":"0.01000000","price":"3047.25000000","tid":"5932204"},{"symbol":"ETH","type":"buy","date":"1648115749","amount":"0.01900000","price":"3047.25000000","tid":"5932203"},{"symbol":"ETH","type":"buy","date":"1648115749","amount":"0.01370000","price":"3047.25000000","tid":"5932202"},{"symbol":"ETH","type":"buy","date":"1648115749","amount":"0.01000000","price":"3047.25000000","tid":"5932201"},{"symbol":"ETH","type":"buy","date":"1648115748","amount":"0.01000000","price":"3047.25000000","tid":"5932200"},{"symbol":"ETH","type":"buy","date":"1648115747","amount":"0.01000000","price":"3047.25000000","tid":"5932199"},{"symbol":"ETH","type":"buy","date":"1648115747","amount":"0.02000000","price":"3047.25000000","tid":"5932198"},{"symbol":"ETH","type":"buy","date":"1648115746","amount":"0.03000000","price":"3047.25000000","tid":"5932197"},{"symbol":"ETH","type":"buy","date":"1648115746","amount":"0.03870000","price":"3047.25000000","tid":"5932196"},{"symbol":"ETH","type":"buy","date":"1648115746","amount":"0.04000000","price":"3047.25000000","tid":"5932195"},{"symbol":"ETH","type":"buy","date":"1648115745","amount":"0.01830000","price":"3047.25000000","tid":"5932194"},{"symbol":"ETH","type":"buy","date":"1648115745","amount":"0.09000000","price":"3047.25000000","tid":"5932193"},{"symbol":"ETH","type":"buy","date":"1648115745","amount":"0.04600000","price":"3047.25000000","tid":"5932192"},{"symbol":"ETH","type":"buy","date":"1648115745","amount":"0.09500000","price":"3047.25000000","tid":"5932191"},{"symbol":"ETH","type":"sell","date":"1648115745","amount":"0.02921500","price":"3046.77000000","tid":"5932190"},{"symbol":"ETH","type":"buy","date":"1648115744","amount":"0.11000000","price":"3047.25000000","tid":"5932189"},{"symbol":"ETH","type":"buy","date":"1648115744","amount":"0.11781000","price":"3047.25000000","tid":"5932188"},{"symbol":"ETH","type":"buy","date":"1648115744","amount":"0.01219000","price":"3046.73000000","tid":"5932187"},{"symbol":"ETH","type":"buy","date":"1648115744","amount":"0.00600000","price":"3046.73000000","tid":"5932186"},{"symbol":"ETH","type":"buy","date":"1648115744","amount":"0.00600000","price":"3046.73000000","tid":"5932185"},{"symbol":"ETH","type":"buy","date":"1648115744","amount":"0.00600000","price":"3046.73000000","tid":"5932184"},{"symbol":"ETH","type":"sell","date":"1648115734","amount":"0.02931300","price":"3046.72000000","tid":"5932183"},{"symbol":"ETH","type":"buy","date":"1648115731","amount":"0.03170000","price":"3046.73000000","tid":"5932182"},{"symbol":"ETH","type":"buy","date":"1648115730","amount":"0.03000000","price":"3046.73000000","tid":"5932181"},{"symbol":"ETH","type":"sell","date":"1648115730","amount":"0.54600000","price":"3047.56000000","tid":"5932180"},{"symbol":"ETH","type":"sell","date":"1648115729","amount":"0.03644900","price":"3047.36000000","tid":"5932179"},{"symbol":"ETH","type":"buy","date":"1648115727","amount":"0.01434400","price":"3048.03000000","tid":"5932178"},{"symbol":"ETH","type":"buy","date":"1648115727","amount":"0.03650000","price":"3045.98000000","tid":"5932177"},{"symbol":"ETH","type":"buy","date":"1648115727","amount":"0.05915600","price":"3045.98000000","tid":"5932176"},{"symbol":"ETH","type":"buy","date":"1648115727","amount":"0.02390000","price":"3045.98000000","tid":"5932175"},{"symbol":"ETH","type":"buy","date":"1648115726","amount":"0.02980000","price":"3045.98000000","tid":"5932174"},{"symbol":"ETH","type":"buy","date":"1648115725","amount":"0.04970000","price":"3045.98000000","tid":"5932173"},{"symbol":"ETH","type":"buy","date":"1648115725","amount":"0.04970000","price":"3045.98000000","tid":"5932172"},{"symbol":"ETH","type":"buy","date":"1648115722","amount":"0.06210000","price":"3045.98000000","tid":"5932171"},{"symbol":"ETH","type":"buy","date":"1648115721","amount":"0.07770000","price":"3045.98000000","tid":"5932170"},{"symbol":"ETH","type":"buy","date":"1648115720","amount":"0.12700000","price":"3045.98000000","tid":"5932169"},{"symbol":"ETH","type":"buy","date":"1648115720","amount":"0.11970000","price":"3045.98000000","tid":"5932168"},{"symbol":"ETH","type":"sell","date":"1648115704","amount":"0.04277700","price":"3045.91000000","tid":"5932167"},{"symbol":"ETH","type":"buy","date":"1648115704","amount":"0.10583000","price":"3045.98000000","tid":"5932166"},{"symbol":"ETH","type":"buy","date":"1648115704","amount":"0.04377000","price":"3045.91000000","tid":"5932165"},{"symbol":"ETH","type":"buy","date":"1648115704","amount":"0.14010000","price":"3045.91000000","tid":"5932164"},{"symbol":"ETH","type":"buy","date":"1648115701","amount":"0.03820000","price":"3045.91000000","tid":"5932163"},{"symbol":"ETH","type":"buy","date":"1648115697","amount":"0.04770000","price":"3045.91000000","tid":"5932162"},{"symbol":"ETH","type":"sell","date":"1648115578","amount":"0.05949200","price":"3046.26000000","tid":"5932161"},{"symbol":"ETH","type":"sell","date":"1648115574","amount":"0.04652600","price":"3045.21000000","tid":"5932160"},{"symbol":"ETH","type":"buy","date":"1648115574","amount":"0.08470000","price":"3047.23000000","tid":"5932159"},{"symbol":"ETH","type":"buy","date":"1648115574","amount":"0.02450000","price":"3047.23000000","tid":"5932158"},{"symbol":"ETH","type":"buy","date":"1648115574","amount":"0.02211000","price":"3047.23000000","tid":"5932157"},{"symbol":"ETH","type":"buy","date":"1648115574","amount":"0.00239000","price":"3045.19000000","tid":"5932156"},{"symbol":"ETH","type":"buy","date":"1648115574","amount":"0.03250000","price":"3045.19000000","tid":"5932155"},{"symbol":"ETH","type":"buy","date":"1648115574","amount":"0.01492200","price":"3045.19000000","tid":"5932154"},{"symbol":"ETH","type":"buy","date":"1648115574","amount":"0.00507800","price":"3045.19000000","tid":"5932153"},{"symbol":"ETH","type":"buy","date":"1648115574","amount":"0.06780000","price":"3045.19000000","tid":"5932152"},{"symbol":"ETH","type":"buy","date":"1648115573","amount":"0.09790000","price":"3045.19000000","tid":"5932151"},{"symbol":"ETH","type":"buy","date":"1648115573","amount":"0.09000000","price":"3045.19000000","tid":"5932150"},{"symbol":"ETH","type":"buy","date":"1648115573","amount":"0.09790000","price":"3045.19000000","tid":"5932149"},{"symbol":"ETH","type":"buy","date":"1648115573","amount":"0.08140000","price":"3045.19000000","tid":"5932148"},{"symbol":"ETH","type":"buy","date":"1648115568","amount":"0.15080000","price":"3045.19000000","tid":"5932147"},{"symbol":"ETH","type":"buy","date":"1648115568","amount":"0.11380000","price":"3045.19000000","tid":"5932146"},{"symbol":"ETH","type":"sell","date":"1648115530","amount":"0.06700000","price":"3044.75000000","tid":"5932145"},{"symbol":"ETH","type":"sell","date":"1648115529","amount":"0.14000000","price":"3044.75000000","tid":"5932144"},{"symbol":"ETH","type":"sell","date":"1648115516","amount":"0.03500000","price":"3045.30000000","tid":"5932143"},{"symbol":"ETH","type":"sell","date":"1648115516","amount":"0.02300000","price":"3045.30000000","tid":"5932142"},{"symbol":"ETH","type":"sell","date":"1648115515","amount":"0.02100000","price":"3045.30000000","tid":"5932141"},{"symbol":"ETH","type":"sell","date":"1648115514","amount":"0.03900000","price":"3045.30000000","tid":"5932140"},{"symbol":"ETH","type":"sell","date":"1648115513","amount":"0.02300000","price":"3045.30000000","tid":"5932139"},{"symbol":"ETH","type":"sell","date":"1648115512","amount":"0.08600000","price":"3045.30000000","tid":"5932138"},{"symbol":"ETH","type":"sell","date":"1648115512","amount":"0.03800000","price":"3045.30000000","tid":"5932137"},{"symbol":"ETH","type":"sell","date":"1648115511","amount":"0.10700000","price":"3045.30000000","tid":"5932136"},{"symbol":"ETH","type":"sell","date":"1648115511","amount":"0.10700000","price":"3045.30000000","tid":"5932135"},{"symbol":"ETH","type":"sell","date":"1648115506","amount":"0.13400000","price":"3045.30000000","tid":"5932134"},{"symbol":"ETH","type":"sell","date":"1648115505","amount":"0.03300000","price":"3045.30000000","tid":"5932133"},{"symbol":"ETH","type":"sell","date":"1648115501","amount":"0.02200000","price":"3045.77000000","tid":"5932132"},{"symbol":"ETH","type":"sell","date":"1648115500","amount":"0.04600000","price":"3045.77000000","tid":"5932131"},{"symbol":"ETH","type":"sell","date":"1648115498","amount":"0.05800000","price":"3045.77000000","tid":"5932130"},{"symbol":"ETH","type":"sell","date":"1648115495","amount":"0.07300000","price":"3045.77000000","tid":"5932129"},{"symbol":"ETH","type":"sell","date":"1648115494","amount":"0.09100000","price":"3045.77000000","tid":"5932128"},{"symbol":"ETH","type":"sell","date":"1648115488","amount":"0.14000000","price":"3045.77000000","tid":"5932127"},{"symbol":"ETH","type":"sell","date":"1648115487","amount":"0.10834000","price":"3045.77000000","tid":"5932126"},{"symbol":"ETH","type":"sell","date":"1648115465","amount":"0.14000000","price":"3045.89000000","tid":"5932125"},{"symbol":"ETH","type":"sell","date":"1648115449","amount":"0.14000000","price":"3046.01000000","tid":"5932124"},{"symbol":"ETH","type":"sell","date":"1648115403","amount":"0.14000000","price":"3046.13000000","tid":"5932123"},{"symbol":"ETH","type":"sell","date":"1648115392","amount":"0.02600000","price":"3046.35000000","tid":"5932122"},{"symbol":"ETH","type":"sell","date":"1648115386","amount":"0.14000000","price":"3046.35000000","tid":"5932121"},{"symbol":"ETH","type":"sell","date":"1648115384","amount":"0.08400000","price":"3046.35000000","tid":"5932120"},{"symbol":"ETH","type":"sell","date":"1648115380","amount":"0.02400000","price":"3046.84000000","tid":"5932119"},{"symbol":"ETH","type":"sell","date":"1648115379","amount":"0.04500000","price":"3046.84000000","tid":"5932118"},{"symbol":"ETH","type":"sell","date":"1648115378","amount":"0.02700000","price":"3046.84000000","tid":"5932117"},{"symbol":"ETH","type":"sell","date":"1648115376","amount":"0.03100000","price":"3046.84000000","tid":"5932116"},{"symbol":"ETH","type":"sell","date":"1648115376","amount":"0.07600000","price":"3046.84000000","tid":"5932115"},{"symbol":"ETH","type":"sell","date":"1648115376","amount":"0.04820000","price":"3046.84000000","tid":"5932114"},{"symbol":"ETH","type":"sell","date":"1648115374","amount":"0.05200000","price":"3046.84000000","tid":"5932113"},{"symbol":"ETH","type":"sell","date":"1648115373","amount":"0.11800000","price":"3046.84000000","tid":"5932112"},{"symbol":"ETH","type":"buy","date":"1648115372","amount":"0.04405200","price":"3046.85000000","tid":"5932111"},{"symbol":"ETH","type":"sell","date":"1648115368","amount":"0.04050000","price":"3046.84000000","tid":"5932110"},{"symbol":"ETH","type":"sell","date":"1648115367","amount":"0.04760000","price":"3046.84000000","tid":"5932109"},{"symbol":"ETH","type":"sell","date":"1648115366","amount":"0.06240000","price":"3046.84000000","tid":"5932108"},{"symbol":"ETH","type":"buy","date":"1648115366","amount":"0.04422600","price":"3046.85000000","tid":"5932107"},{"symbol":"ETH","type":"sell","date":"1648115363","amount":"0.00500000","price":"3047.54000000","tid":"5932106"},{"symbol":"ETH","type":"sell","date":"1648115363","amount":"0.00540000","price":"3047.54000000","tid":"5932105"},{"symbol":"ETH","type":"sell","date":"1648115361","amount":"0.01900000","price":"3047.54000000","tid":"5932104"},{"symbol":"ETH","type":"sell","date":"1648115361","amount":"0.01540000","price":"3047.54000000","tid":"5932103"},{"symbol":"ETH","type":"sell","date":"1648115360","amount":"0.01540000","price":"3047.54000000","tid":"5932102"},{"symbol":"ETH","type":"sell","date":"1648115359","amount":"0.01920000","price":"3047.54000000","tid":"5932101"},{"symbol":"ETH","type":"buy","date":"1648115359","amount":"0.03799400","price":"3047.55000000","tid":"5932100"},{"symbol":"ETH","type":"sell","date":"1648115359","amount":"0.09000000","price":"3047.54000000","tid":"5932099"},{"symbol":"ETH","type":"sell","date":"1648115358","amount":"0.06210000","price":"3047.54000000","tid":"5932098"},{"symbol":"ETH","type":"sell","date":"1648115358","amount":"0.06230000","price":"3047.54000000","tid":"5932097"},{"symbol":"ETH","type":"sell","date":"1648115358","amount":"0.03460000","price":"3047.54000000","tid":"5932096"},{"symbol":"ETH","type":"sell","date":"1648115356","amount":"0.10720000","price":"3047.54000000","tid":"5932095"},{"symbol":"ETH","type":"sell","date":"1648115355","amount":"0.11200000","price":"3047.54000000","tid":"5932094"},{"symbol":"ETH","type":"sell","date":"1648115354","amount":"0.14000000","price":"3047.54000000","tid":"5932093"},{"symbol":"ETH","type":"sell","date":"1648115349","amount":"0.11200000","price":"3047.66000000","tid":"5932092"},{"symbol":"ETH","type":"sell","date":"1648115344","amount":"0.14000000","price":"3047.66000000","tid":"5932091"},{"symbol":"ETH","type":"sell","date":"1648115298","amount":"0.09180700","price":"3047.74000000","tid":"5932090"},{"symbol":"ETH","type":"buy","date":"1648115163","amount":"0.70431200","price":"3047.46000000","tid":"5932089"},{"symbol":"ETH","type":"buy","date":"1648115138","amount":"0.70424100","price":"3048.70000000","tid":"5932088"},{"symbol":"ETH","type":"sell","date":"1648115136","amount":"0.13417100","price":"3049.57000000","tid":"5932087"},{"symbol":"ETH","type":"sell","date":"1648115135","amount":"0.03000000","price":"3049.57000000","tid":"5932086"},{"symbol":"ETH","type":"sell","date":"1648115134","amount":"0.04000000","price":"3049.57000000","tid":"5932085"},{"symbol":"ETH","type":"sell","date":"1648115133","amount":"0.04000000","price":"3049.57000000","tid":"5932084"},{"symbol":"ETH","type":"sell","date":"1648115132","amount":"0.05000000","price":"3049.57000000","tid":"5932083"},{"symbol":"ETH","type":"sell","date":"1648115131","amount":"0.06000000","price":"3049.57000000","tid":"5932082"},{"symbol":"ETH","type":"sell","date":"1648115130","amount":"0.03000000","price":"3049.57000000","tid":"5932081"},{"symbol":"ETH","type":"sell","date":"1648115130","amount":"0.09000000","price":"3049.57000000","tid":"5932080"},{"symbol":"ETH","type":"sell","date":"1648115130","amount":"0.04000000","price":"3049.57000000","tid":"5932079"},{"symbol":"ETH","type":"sell","date":"1648115130","amount":"0.05000000","price":"3049.57000000","tid":"5932078"},{"symbol":"ETH","type":"sell","date":"1648115129","amount":"0.06000000","price":"3049.57000000","tid":"5932077"},{"symbol":"ETH","type":"sell","date":"1648115129","amount":"0.08000000","price":"3049.57000000","tid":"5932076"},{"symbol":"ETH","type":"sell","date":"1648115034","amount":"1.41000000","price":"3050.14000000","tid":"5932075"},{"symbol":"ETH","type":"sell","date":"1648115014","amount":"0.03118800","price":"3050.99000000","tid":"5932074"},{"symbol":"ETH","type":"sell","date":"1648115013","amount":"0.70417100","price":"3050.95000000","tid":"5932073"},{"symbol":"ETH","type":"buy","date":"1648115010","amount":"0.06000000","price":"3050.96000000","tid":"5932072"},{"symbol":"ETH","type":"buy","date":"1648115010","amount":"0.02960900","price":"3048.91000000","tid":"5932071"},{"symbol":"ETH","type":"buy","date":"1648115010","amount":"0.29424700","price":"3048.91000000","tid":"5932070"},{"symbol":"ETH","type":"buy","date":"1648115009","amount":"0.09000000","price":"3048.91000000","tid":"5932069"},{"symbol":"ETH","type":"buy","date":"1648115009","amount":"0.07000000","price":"3048.91000000","tid":"5932068"},{"symbol":"ETH","type":"buy","date":"1648115008","amount":"0.11000000","price":"3048.91000000","tid":"5932067"},{"symbol":"ETH","type":"buy","date":"1648115003","amount":"0.14000000","price":"3048.91000000","tid":"5932066"},{"symbol":"ETH","type":"sell","date":"1648114968","amount":"0.14500000","price":"3048.85000000","tid":"5932065"},{"symbol":"ETH","type":"buy","date":"1648114914","amount":"0.70424700","price":"3047.65000000","tid":"5932064"},{"symbol":"ETH","type":"buy","date":"1648114889","amount":"0.70417700","price":"3048.36000000","tid":"5932063"},{"symbol":"ETH","type":"buy","date":"1648114886","amount":"0.98399500","price":"3048.44000000","tid":"5932062"},{"symbol":"ETH","type":"sell","date":"1648114886","amount":"0.44376700","price":"3051.62000000","tid":"5932061"},{"symbol":"ETH","type":"sell","date":"1648114886","amount":"1.00000000","price":"3051.62000000","tid":"5932060"},{"symbol":"ETH","type":"sell","date":"1648114885","amount":"1.00000000","price":"3051.62000000","tid":"5932059"},{"symbol":"ETH","type":"sell","date":"1648114884","amount":"1.00000000","price":"3051.62000000","tid":"5932058"},{"symbol":"ETH","type":"sell","date":"1648114883","amount":"0.09000000","price":"3051.62000000","tid":"5932057"},{"symbol":"ETH","type":"sell","date":"1648114882","amount":"0.11000000","price":"3051.62000000","tid":"5932056"},{"symbol":"ETH","type":"sell","date":"1648114881","amount":"0.18000000","price":"3051.62000000","tid":"5932055"},{"symbol":"ETH","type":"sell","date":"1648114878","amount":"0.04000000","price":"3051.62000000","tid":"5932054"},{"symbol":"ETH","type":"sell","date":"1648114877","amount":"0.04000000","price":"3051.62000000","tid":"5932053"},{"symbol":"ETH","type":"sell","date":"1648114877","amount":"0.05000000","price":"3051.62000000","tid":"5932052"},{"symbol":"ETH","type":"sell","date":"1648114876","amount":"0.06000000","price":"3051.62000000","tid":"5932051"},{"symbol":"ETH","type":"buy","date":"1648114869","amount":"0.70369700","price":"3053.15000000","tid":"5932050"},{"symbol":"ETH","type":"sell","date":"1648114869","amount":"0.07470000","price":"3052.94000000","tid":"5932049"},{"symbol":"ETH","type":"sell","date":"1648114864","amount":"0.09780000","price":"3052.94000000","tid":"5932048"},{"symbol":"ETH","type":"sell","date":"1648114864","amount":"0.18970000","price":"3052.94000000","tid":"5932047"},{"symbol":"ETH","type":"sell","date":"1648114863","amount":"0.12080000","price":"3052.94000000","tid":"5932046"},{"symbol":"ETH","type":"sell","date":"1648114863","amount":"0.23720000","price":"3052.94000000","tid":"5932045"},{"symbol":"ETH","type":"sell","date":"1648114863","amount":"0.08000000","price":"3052.94000000","tid":"5932044"},{"symbol":"ETH","type":"sell","date":"1648114862","amount":"0.09340000","price":"3052.94000000","tid":"5932043"},{"symbol":"ETH","type":"buy","date":"1648114859","amount":"0.03184300","price":"3053.05000000","tid":"5932042"},{"symbol":"ETH","type":"buy","date":"1648114845","amount":"0.70354500","price":"3053.96000000","tid":"5932041"},{"symbol":"ETH","type":"buy","date":"1648114816","amount":"0.70347500","price":"3054.20000000","tid":"5932040"},{"symbol":"ETH","type":"sell","date":"1648114811","amount":"0.02780000","price":"3054.19000000","tid":"5932039"},{"symbol":"ETH","type":"sell","date":"1648114811","amount":"0.02697100","price":"3056.24000000","tid":"5932038"},{"symbol":"ETH","type":"sell","date":"1648114810","amount":"0.11250000","price":"3056.24000000","tid":"5932037"},{"symbol":"ETH","type":"sell","date":"1648114810","amount":"0.09000000","price":"3056.24000000","tid":"5932036"},{"symbol":"ETH","type":"sell","date":"1648114810","amount":"0.11250000","price":"3056.24000000","tid":"5932035"},{"symbol":"ETH","type":"sell","date":"1648114810","amount":"0.11250000","price":"3056.24000000","tid":"5932034"},{"symbol":"ETH","type":"sell","date":"1648114810","amount":"0.10833100","price":"3056.24000000","tid":"5932033"},{"symbol":"ETH","type":"sell","date":"1648114790","amount":"0.14060000","price":"3056.24000000","tid":"5932032"},{"symbol":"ETH","type":"buy","date":"1648114701","amount":"0.00900000","price":"3056.84000000","tid":"5932031"},{"symbol":"ETH","type":"buy","date":"1648114701","amount":"0.00900000","price":"3056.84000000","tid":"5932030"},{"symbol":"ETH","type":"buy","date":"1648114695","amount":"0.00800000","price":"3056.59000000","tid":"5932029"},{"symbol":"ETH","type":"buy","date":"1648114695","amount":"0.02700000","price":"3056.59000000","tid":"5932028"},{"symbol":"ETH","type":"buy","date":"1648114694","amount":"0.02000000","price":"3056.59000000","tid":"5932027"},{"symbol":"ETH","type":"buy","date":"1648114694","amount":"0.01800000","price":"3056.59000000","tid":"5932026"},{"symbol":"ETH","type":"buy","date":"1648114692","amount":"0.04800000","price":"3056.59000000","tid":"5932025"},{"symbol":"ETH","type":"buy","date":"1648114692","amount":"0.03500000","price":"3056.59000000","tid":"5932024"},{"symbol":"ETH","type":"buy","date":"1648114691","amount":"0.01205500","price":"3056.59000000","tid":"5932023"},{"symbol":"ETH","type":"buy","date":"1648114690","amount":"0.06500000","price":"3056.59000000","tid":"5932022"},{"symbol":"ETH","type":"buy","date":"1648114689","amount":"0.00500000","price":"3056.59000000","tid":"5932021"},{"symbol":"ETH","type":"buy","date":"1648114677","amount":"0.02850000","price":"3056.59000000","tid":"5932020"},{"symbol":"ETH","type":"buy","date":"1648114676","amount":"0.01900000","price":"3056.59000000","tid":"5932019"},{"symbol":"ETH","type":"buy","date":"1648114673","amount":"0.02600000","price":"3056.40000000","tid":"5932018"},{"symbol":"ETH","type":"buy","date":"1648114673","amount":"0.01580000","price":"3056.40000000","tid":"5932017"},{"symbol":"ETH","type":"buy","date":"1648114673","amount":"0.02700000","price":"3056.40000000","tid":"5932016"},{"symbol":"ETH","type":"buy","date":"1648114672","amount":"0.00713800","price":"3056.40000000","tid":"5932015"},{"symbol":"ETH","type":"buy","date":"1648114671","amount":"0.00776200","price":"3056.40000000","tid":"5932014"},{"symbol":"ETH","type":"buy","date":"1648114671","amount":"0.01800000","price":"3056.40000000","tid":"5932013"},{"symbol":"ETH","type":"buy","date":"1648114669","amount":"0.04800000","price":"3056.40000000","tid":"5932012"},{"symbol":"ETH","type":"buy","date":"1648114669","amount":"0.02230000","price":"3056.38000000","tid":"5932011"},{"symbol":"ETH","type":"sell","date":"1648114646","amount":"0.06900000","price":"3056.45000000","tid":"5932010"},{"symbol":"ETH","type":"buy","date":"1648114643","amount":"0.02300000","price":"3057.59000000","tid":"5932009"},{"symbol":"ETH","type":"buy","date":"1648114642","amount":"0.01040000","price":"3057.59000000","tid":"5932008"},{"symbol":"ETH","type":"buy","date":"1648114641","amount":"0.02300000","price":"3057.59000000","tid":"5932007"},{"symbol":"ETH","type":"buy","date":"1648114641","amount":"0.07000000","price":"3057.59000000","tid":"5932006"},{"symbol":"ETH","type":"buy","date":"1648114641","amount":"0.07050000","price":"3057.59000000","tid":"5932005"},{"symbol":"ETH","type":"buy","date":"1648114639","amount":"0.03000000","price":"3057.59000000","tid":"5932004"},{"symbol":"ETH","type":"buy","date":"1648114639","amount":"0.09965900","price":"3057.59000000","tid":"5932003"},{"symbol":"ETH","type":"buy","date":"1648114639","amount":"0.04000000","price":"3057.59000000","tid":"5932002"},{"symbol":"ETH","type":"buy","date":"1648114638","amount":"0.12000000","price":"3057.59000000","tid":"5932001"},{"symbol":"ETH","type":"buy","date":"1648114638","amount":"0.00780000","price":"3057.59000000","tid":"5932000"},{"symbol":"ETH","type":"buy","date":"1648114638","amount":"0.03834100","price":"3057.59000000","tid":"5931999"},{"symbol":"ETH","type":"buy","date":"1648114638","amount":"0.03834100","price":"3057.59000000","tid":"5931998"},{"symbol":"ETH","type":"buy","date":"1648114637","amount":"0.02212300","price":"3057.59000000","tid":"5931997"},{"symbol":"ETH","type":"buy","date":"1648114637","amount":"0.01300000","price":"3057.59000000","tid":"5931996"},{"symbol":"ETH","type":"buy","date":"1648114637","amount":"2.55759200","price":"3053.83000000","tid":"5931995"},{"symbol":"ETH","type":"buy","date":"1648114636","amount":"0.06930000","price":"3053.83000000","tid":"5931994"},{"symbol":"ETH","type":"buy","date":"1648114636","amount":"0.16030000","price":"3053.83000000","tid":"5931993"},{"symbol":"ETH","type":"buy","date":"1648114636","amount":"0.16030000","price":"3053.83000000","tid":"5931992"},{"symbol":"ETH","type":"buy","date":"1648114636","amount":"0.20500000","price":"3053.83000000","tid":"5931991"},{"symbol":"ETH","type":"buy","date":"1648114635","amount":"0.04110000","price":"3053.83000000","tid":"5931990"},{"symbol":"ETH","type":"buy","date":"1648114635","amount":"0.06400000","price":"3053.83000000","tid":"5931989"},{"symbol":"ETH","type":"buy","date":"1648114634","amount":"0.07750000","price":"3053.83000000","tid":"5931988"},{"symbol":"ETH","type":"buy","date":"1648114634","amount":"0.02310000","price":"3053.83000000","tid":"5931987"},{"symbol":"ETH","type":"buy","date":"1648114634","amount":"0.06300000","price":"3053.83000000","tid":"5931986"},{"symbol":"ETH","type":"buy","date":"1648114634","amount":"0.05120000","price":"3053.83000000","tid":"5931985"},{"symbol":"ETH","type":"buy","date":"1648114634","amount":"0.04000000","price":"3053.83000000","tid":"5931984"},{"symbol":"ETH","type":"buy","date":"1648114633","amount":"0.27560000","price":"3053.83000000","tid":"5931983"},{"symbol":"ETH","type":"buy","date":"1648114633","amount":"0.08180000","price":"3053.83000000","tid":"5931982"},{"symbol":"ETH","type":"buy","date":"1648114633","amount":"0.02300000","price":"3053.83000000","tid":"5931981"},{"symbol":"ETH","type":"buy","date":"1648114632","amount":"0.10230000","price":"3053.83000000","tid":"5931980"},{"symbol":"ETH","type":"buy","date":"1648114631","amount":"0.01100000","price":"3053.83000000","tid":"5931979"},{"symbol":"ETH","type":"buy","date":"1648114631","amount":"0.00623100","price":"3053.83000000","tid":"5931978"},{"symbol":"ETH","type":"buy","date":"1648114631","amount":"0.04376900","price":"3052.99000000","tid":"5931977"},{"symbol":"ETH","type":"buy","date":"1648114630","amount":"0.02300000","price":"3052.99000000","tid":"5931976"},{"symbol":"ETH","type":"buy","date":"1648114630","amount":"0.01860000","price":"3052.99000000","tid":"5931975"},{"symbol":"ETH","type":"buy","date":"1648114630","amount":"0.02000000","price":"3052.99000000","tid":"5931974"},{"symbol":"ETH","type":"buy","date":"1648114630","amount":"0.00990000","price":"3052.99000000","tid":"5931973"},{"symbol":"ETH","type":"buy","date":"1648114629","amount":"0.02000000","price":"3052.99000000","tid":"5931972"},{"symbol":"ETH","type":"buy","date":"1648114629","amount":"0.11300000","price":"3052.99000000","tid":"5931971"},{"symbol":"ETH","type":"buy","date":"1648114629","amount":"0.06200000","price":"3052.99000000","tid":"5931970"},{"symbol":"ETH","type":"buy","date":"1648114629","amount":"0.07000000","price":"3052.99000000","tid":"5931969"},{"symbol":"ETH","type":"buy","date":"1648114628","amount":"0.10070000","price":"3052.99000000","tid":"5931968"},{"symbol":"ETH","type":"buy","date":"1648114628","amount":"0.09000000","price":"3052.99000000","tid":"5931967"},{"symbol":"ETH","type":"buy","date":"1648114628","amount":"0.08070000","price":"3052.99000000","tid":"5931966"},{"symbol":"ETH","type":"buy","date":"1648114628","amount":"0.07178400","price":"3052.99000000","tid":"5931965"},{"symbol":"ETH","type":"buy","date":"1648114628","amount":"0.04821600","price":"3051.78000000","tid":"5931964"},{"symbol":"ETH","type":"buy","date":"1648114628","amount":"0.00700000","price":"3051.78000000","tid":"5931963"},{"symbol":"ETH","type":"buy","date":"1648114627","amount":"0.06940000","price":"3051.78000000","tid":"5931962"},{"symbol":"ETH","type":"buy","date":"1648114627","amount":"0.03000000","price":"3051.78000000","tid":"5931961"},{"symbol":"ETH","type":"buy","date":"1648114627","amount":"0.04860000","price":"3051.78000000","tid":"5931960"},{"symbol":"ETH","type":"buy","date":"1648114627","amount":"0.04000000","price":"3051.78000000","tid":"5931959"},{"symbol":"ETH","type":"buy","date":"1648114627","amount":"0.06000000","price":"3051.78000000","tid":"5931958"},{"symbol":"ETH","type":"buy","date":"1648114626","amount":"0.10070000","price":"3051.78000000","tid":"5931957"},{"symbol":"ETH","type":"buy","date":"1648114626","amount":"0.10000000","price":"3051.78000000","tid":"5931956"},{"symbol":"ETH","type":"buy","date":"1648114626","amount":"0.20000000","price":"3051.78000000","tid":"5931955"},{"symbol":"ETH","type":"buy","date":"1648114584","amount":"0.70391600","price":"3050.36000000","tid":"5931954"},{"symbol":"ETH","type":"sell","date":"1648114581","amount":"0.00750000","price":"3050.35000000","tid":"5931953"},{"symbol":"ETH","type":"sell","date":"1648114581","amount":"0.00025500","price":"3050.35000000","tid":"5931952"},{"symbol":"ETH","type":"sell","date":"1648114581","amount":"0.01674500","price":"3052.39000000","tid":"5931951"},{"symbol":"ETH","type":"sell","date":"1648114581","amount":"0.02100000","price":"3052.39000000","tid":"5931950"},{"symbol":"ETH","type":"sell","date":"1648114581","amount":"0.01710000","price":"3052.39000000","tid":"5931949"},{"symbol":"ETH","type":"sell","date":"1648114581","amount":"0.01370000","price":"3052.39000000","tid":"5931948"},{"symbol":"ETH","type":"buy","date":"1648114580","amount":"0.02009500","price":"3052.40000000","tid":"5931947"},{"symbol":"ETH","type":"sell","date":"1648114579","amount":"0.01710000","price":"3052.39000000","tid":"5931946"},{"symbol":"ETH","type":"sell","date":"1648114577","amount":"0.02140000","price":"3052.39000000","tid":"5931945"},{"symbol":"ETH","type":"sell","date":"1648114576","amount":"0.04000000","price":"3052.39000000","tid":"5931944"},{"symbol":"ETH","type":"sell","date":"1648114576","amount":"0.04290000","price":"3052.39000000","tid":"5931943"},{"symbol":"ETH","type":"sell","date":"1648114576","amount":"0.02500000","price":"3052.39000000","tid":"5931942"},{"symbol":"ETH","type":"sell","date":"1648114575","amount":"0.05000000","price":"3052.39000000","tid":"5931941"},{"symbol":"ETH","type":"sell","date":"1648114574","amount":"0.10020000","price":"3052.39000000","tid":"5931940"},{"symbol":"ETH","type":"sell","date":"1648114574","amount":"0.06000000","price":"3052.39000000","tid":"5931939"},{"symbol":"ETH","type":"sell","date":"1648114574","amount":"0.07400000","price":"3052.39000000","tid":"5931938"},{"symbol":"ETH","type":"sell","date":"1648114574","amount":"0.12470000","price":"3052.39000000","tid":"5931937"},{"symbol":"ETH","type":"sell","date":"1648114574","amount":"0.08000000","price":"3052.39000000","tid":"5931936"},{"symbol":"ETH","type":"sell","date":"1648114571","amount":"0.00510000","price":"3052.99000000","tid":"5931935"},{"symbol":"ETH","type":"sell","date":"1648114570","amount":"0.02830000","price":"3052.99000000","tid":"5931934"},{"symbol":"ETH","type":"sell","date":"1648114570","amount":"0.01360000","price":"3052.99000000","tid":"5931933"},{"symbol":"ETH","type":"sell","date":"1648114569","amount":"0.01000000","price":"3052.99000000","tid":"5931932"},{"symbol":"ETH","type":"sell","date":"1648114569","amount":"0.01700000","price":"3052.99000000","tid":"5931931"},{"symbol":"ETH","type":"sell","date":"1648114568","amount":"0.02130000","price":"3052.99000000","tid":"5931930"},{"symbol":"ETH","type":"sell","date":"1648114567","amount":"0.03500000","price":"3052.99000000","tid":"5931929"},{"symbol":"ETH","type":"sell","date":"1648114567","amount":"0.05880000","price":"3052.99000000","tid":"5931928"},{"symbol":"ETH","type":"sell","date":"1648114567","amount":"0.09400000","price":"3052.99000000","tid":"5931927"},{"symbol":"ETH","type":"sell","date":"1648114566","amount":"0.11190000","price":"3052.99000000","tid":"5931926"},{"symbol":"ETH","type":"sell","date":"1648114566","amount":"0.06700000","price":"3052.99000000","tid":"5931925"},{"symbol":"ETH","type":"sell","date":"1648114565","amount":"0.08670000","price":"3052.99000000","tid":"5931924"},{"symbol":"ETH","type":"sell","date":"1648114565","amount":"0.13990000","price":"3052.99000000","tid":"5931923"},{"symbol":"ETH","type":"sell","date":"1648114564","amount":"0.00390000","price":"3052.99000000","tid":"5931922"},{"symbol":"ETH","type":"sell","date":"1648114563","amount":"0.00390000","price":"3053.01000000","tid":"5931921"},{"symbol":"ETH","type":"buy","date":"1648114549","amount":"0.01050000","price":"3053.04000000","tid":"5931920"},{"symbol":"ETH","type":"buy","date":"1648114547","amount":"0.01750000","price":"3053.04000000","tid":"5931919"},{"symbol":"ETH","type":"buy","date":"1648114546","amount":"0.01750000","price":"3053.04000000","tid":"5931918"},{"symbol":"ETH","type":"buy","date":"1648114545","amount":"0.06590000","price":"3053.04000000","tid":"5931917"},{"symbol":"ETH","type":"buy","date":"1648114544","amount":"0.06590000","price":"3053.04000000","tid":"5931916"},{"symbol":"ETH","type":"buy","date":"1648114544","amount":"0.11000000","price":"3053.04000000","tid":"5931915"},{"symbol":"ETH","type":"buy","date":"1648114544","amount":"0.11420000","price":"3053.04000000","tid":"5931914"},{"symbol":"ETH","type":"buy","date":"1648114543","amount":"0.11420000","price":"3053.04000000","tid":"5931913"},{"symbol":"ETH","type":"buy","date":"1648114543","amount":"0.01300000","price":"3053.04000000","tid":"5931912"},{"symbol":"ETH","type":"buy","date":"1648114535","amount":"0.13260000","price":"3053.04000000","tid":"5931911"},{"symbol":"ETH","type":"buy","date":"1648114535","amount":"0.26350000","price":"3053.02000000","tid":"5931910"},{"symbol":"ETH","type":"buy","date":"1648114535","amount":"0.22000000","price":"3053.02000000","tid":"5931909"},{"symbol":"ETH","type":"sell","date":"1648114526","amount":"0.12900000","price":"3050.62000000","tid":"5931908"},{"symbol":"ETH","type":"buy","date":"1648114526","amount":"0.08802600","price":"3050.63000000","tid":"5931907"},{"symbol":"ETH","type":"sell","date":"1648114525","amount":"0.12600000","price":"3050.62000000","tid":"5931906"},{"symbol":"ETH","type":"sell","date":"1648114525","amount":"0.88133900","price":"3054.96000000","tid":"5931905"},{"symbol":"ETH","type":"sell","date":"1648114524","amount":"0.15000000","price":"3054.96000000","tid":"5931904"},{"symbol":"ETH","type":"sell","date":"1648114524","amount":"0.02110000","price":"3054.96000000","tid":"5931903"},{"symbol":"ETH","type":"sell","date":"1648114524","amount":"0.02270000","price":"3054.96000000","tid":"5931902"},{"symbol":"ETH","type":"buy","date":"1648114524","amount":"0.01965900","price":"3054.97000000","tid":"5931901"},{"symbol":"ETH","type":"sell","date":"1648114523","amount":"0.09000000","price":"3054.96000000","tid":"5931900"},{"symbol":"ETH","type":"sell","date":"1648114523","amount":"0.18700000","price":"3054.96000000","tid":"5931899"},{"symbol":"ETH","type":"sell","date":"1648114523","amount":"0.18900000","price":"3054.96000000","tid":"5931898"},{"symbol":"ETH","type":"sell","date":"1648114523","amount":"0.02170000","price":"3054.96000000","tid":"5931897"},{"symbol":"ETH","type":"sell","date":"1648114523","amount":"0.02100000","price":"3054.96000000","tid":"5931896"},{"symbol":"ETH","type":"sell","date":"1648114522","amount":"0.18000000","price":"3054.96000000","tid":"5931895"},{"symbol":"ETH","type":"sell","date":"1648114522","amount":"0.04670000","price":"3054.96000000","tid":"5931894"},{"symbol":"ETH","type":"sell","date":"1648114522","amount":"0.32000000","price":"3054.96000000","tid":"5931893"},{"symbol":"ETH","type":"sell","date":"1648114522","amount":"0.54200000","price":"3054.96000000","tid":"5931892"},{"symbol":"ETH","type":"sell","date":"1648114521","amount":"0.04000000","price":"3054.96000000","tid":"5931891"},{"symbol":"ETH","type":"sell","date":"1648114521","amount":"0.38530000","price":"3054.96000000","tid":"5931890"},{"symbol":"ETH","type":"sell","date":"1648114521","amount":"1.50000000","price":"3054.96000000","tid":"5931889"},{"symbol":"ETH","type":"sell","date":"1648114521","amount":"0.05000000","price":"3054.96000000","tid":"5931888"},{"symbol":"ETH","type":"sell","date":"1648114521","amount":"0.00395200","price":"3058.72000000","tid":"5931887"},{"symbol":"ETH","type":"sell","date":"1648114521","amount":"0.01200000","price":"3058.72000000","tid":"5931886"},{"symbol":"ETH","type":"sell","date":"1648114520","amount":"0.01000000","price":"3058.72000000","tid":"5931885"},{"symbol":"ETH","type":"sell","date":"1648114520","amount":"0.01000000","price":"3058.72000000","tid":"5931884"},{"symbol":"ETH","type":"sell","date":"1648114520","amount":"0.02670000","price":"3058.72000000","tid":"5931883"},{"symbol":"ETH","type":"sell","date":"1648114520","amount":"0.02650000","price":"3058.72000000","tid":"5931882"},{"symbol":"ETH","type":"sell","date":"1648114520","amount":"0.02228800","price":"3058.72000000","tid":"5931881"},{"symbol":"ETH","type":"sell","date":"1648114520","amount":"0.03000000","price":"3058.72000000","tid":"5931880"},{"symbol":"ETH","type":"sell","date":"1648114520","amount":"0.05000000","price":"3058.72000000","tid":"5931879"},{"symbol":"ETH","type":"sell","date":"1648114520","amount":"0.08700000","price":"3058.72000000","tid":"5931878"},{"symbol":"ETH","type":"sell","date":"1648114520","amount":"0.02480000","price":"3058.72000000","tid":"5931877"},{"symbol":"ETH","type":"sell","date":"1648114519","amount":"0.03970000","price":"3058.72000000","tid":"5931876"},{"symbol":"ETH","type":"sell","date":"1648114519","amount":"0.03792900","price":"3058.72000000","tid":"5931875"},{"symbol":"ETH","type":"sell","date":"1648114519","amount":"0.14620000","price":"3058.72000000","tid":"5931874"},{"symbol":"ETH","type":"sell","date":"1648114519","amount":"0.04410000","price":"3058.72000000","tid":"5931873"},{"symbol":"ETH","type":"sell","date":"1648114519","amount":"0.16000000","price":"3058.72000000","tid":"5931872"},{"symbol":"ETH","type":"buy","date":"1648114519","amount":"0.02287700","price":"3058.73000000","tid":"5931871"},{"symbol":"ETH","type":"sell","date":"1648114518","amount":"0.04970000","price":"3058.72000000","tid":"5931870"},{"symbol":"ETH","type":"sell","date":"1648114518","amount":"0.03040000","price":"3058.72000000","tid":"5931869"},{"symbol":"ETH","type":"sell","date":"1648114518","amount":"0.03830000","price":"3058.72000000","tid":"5931868"},{"symbol":"ETH","type":"sell","date":"1648114518","amount":"0.45650000","price":"3058.72000000","tid":"5931867"},{"symbol":"ETH","type":"sell","date":"1648114518","amount":"0.03570000","price":"3058.72000000","tid":"5931866"},{"symbol":"ETH","type":"sell","date":"1648114518","amount":"0.46500000","price":"3058.72000000","tid":"5931865"},{"symbol":"ETH","type":"sell","date":"1648114518","amount":"0.47600000","price":"3058.72000000","tid":"5931864"},{"symbol":"ETH","type":"sell","date":"1648114518","amount":"0.28000000","price":"3058.72000000","tid":"5931863"},{"symbol":"ETH","type":"sell","date":"1648114517","amount":"1.31813600","price":"3058.72000000","tid":"5931862"},{"symbol":"ETH","type":"sell","date":"1648114517","amount":"0.01220000","price":"3058.72000000","tid":"5931861"},{"symbol":"ETH","type":"sell","date":"1648114517","amount":"0.07760000","price":"3058.72000000","tid":"5931860"},{"symbol":"ETH","type":"sell","date":"1648114517","amount":"0.01070000","price":"3058.72000000","tid":"5931859"},{"symbol":"ETH","type":"sell","date":"1648114517","amount":"0.01000000","price":"3058.72000000","tid":"5931858"},{"symbol":"ETH","type":"sell","date":"1648114516","amount":"0.01770000","price":"3058.72000000","tid":"5931857"},{"symbol":"ETH","type":"sell","date":"1648114516","amount":"0.05055400","price":"3060.78000000","tid":"5931856"},{"symbol":"ETH","type":"sell","date":"1648114516","amount":"0.03830000","price":"3060.78000000","tid":"5931855"},{"symbol":"ETH","type":"sell","date":"1648114516","amount":"0.05140000","price":"3060.78000000","tid":"5931854"},{"symbol":"ETH","type":"sell","date":"1648114515","amount":"0.05140000","price":"3060.78000000","tid":"5931853"},{"symbol":"ETH","type":"sell","date":"1648114515","amount":"0.06540000","price":"3060.78000000","tid":"5931852"},{"symbol":"ETH","type":"sell","date":"1648114515","amount":"0.03400000","price":"3060.78000000","tid":"5931851"},{"symbol":"ETH","type":"sell","date":"1648114514","amount":"0.03632600","price":"3060.78000000","tid":"5931850"},{"symbol":"ETH","type":"sell","date":"1648114514","amount":"0.02907400","price":"3060.80000000","tid":"5931849"},{"symbol":"ETH","type":"sell","date":"1648114513","amount":"0.00800000","price":"3060.78000000","tid":"5931848"},{"symbol":"ETH","type":"sell","date":"1648114513","amount":"0.06820000","price":"3060.78000000","tid":"5931847"},{"symbol":"ETH","type":"sell","date":"1648114513","amount":"0.13900000","price":"3060.78000000","tid":"5931846"},{"symbol":"ETH","type":"sell","date":"1648114513","amount":"0.07630000","price":"3060.78000000","tid":"5931845"},{"symbol":"ETH","type":"sell","date":"1648114512","amount":"0.08400000","price":"3060.78000000","tid":"5931844"},{"symbol":"ETH","type":"buy","date":"1648114509","amount":"0.03090000","price":"3061.38000000","tid":"5931843"},{"symbol":"ETH","type":"buy","date":"1648114505","amount":"0.08100000","price":"3062.67000000","tid":"5931842"},{"symbol":"ETH","type":"buy","date":"1648114505","amount":"0.03410000","price":"3062.67000000","tid":"5931841"},{"symbol":"ETH","type":"buy","date":"1648114503","amount":"0.03300000","price":"3062.67000000","tid":"5931840"},{"symbol":"ETH","type":"buy","date":"1648114503","amount":"0.03300000","price":"3062.67000000","tid":"5931839"},{"symbol":"ETH","type":"buy","date":"1648114502","amount":"0.00940000","price":"3062.67000000","tid":"5931838"},{"symbol":"ETH","type":"buy","date":"1648114501","amount":"0.07864400","price":"3062.66000000","tid":"5931837"},{"symbol":"ETH","type":"buy","date":"1648114501","amount":"0.04620000","price":"3062.66000000","tid":"5931836"},{"symbol":"ETH","type":"buy","date":"1648114501","amount":"0.07864400","price":"3062.66000000","tid":"5931835"},{"symbol":"ETH","type":"buy","date":"1648114501","amount":"0.05770000","price":"3062.66000000","tid":"5931834"},{"symbol":"ETH","type":"buy","date":"1648114501","amount":"0.66829900","price":"3060.62000000","tid":"5931833"},{"symbol":"ETH","type":"buy","date":"1648114500","amount":"0.03460000","price":"3060.62000000","tid":"5931832"},{"symbol":"ETH","type":"buy","date":"1648114500","amount":"0.13460400","price":"3060.60000000","tid":"5931831"},{"symbol":"ETH","type":"buy","date":"1648114500","amount":"0.07210000","price":"3060.60000000","tid":"5931830"},{"symbol":"ETH","type":"buy","date":"1648114500","amount":"0.09010000","price":"3060.60000000","tid":"5931829"},{"symbol":"ETH","type":"buy","date":"1648114481","amount":"0.08590000","price":"3060.54000000","tid":"5931828"},{"symbol":"ETH","type":"buy","date":"1648114238","amount":"0.02486200","price":"3060.50000000","tid":"5931827"},{"symbol":"ETH","type":"buy","date":"1648114033","amount":"0.02840000","price":"3060.52000000","tid":"5931826"},{"symbol":"ETH","type":"buy","date":"1648114024","amount":"0.02000000","price":"3060.48000000","tid":"5931825"},{"symbol":"ETH","type":"buy","date":"1648114020","amount":"0.00700000","price":"3060.48000000","tid":"5931824"},{"symbol":"ETH","type":"buy","date":"1648114008","amount":"0.01880000","price":"3060.48000000","tid":"5931823"},{"symbol":"ETH","type":"buy","date":"1648114003","amount":"0.01360000","price":"3060.46000000","tid":"5931822"},{"symbol":"ETH","type":"buy","date":"1648114000","amount":"0.01360000","price":"3060.46000000","tid":"5931821"},{"symbol":"ETH","type":"buy","date":"1648113990","amount":"0.69895900","price":"3059.84000000","tid":"5931820"},{"symbol":"ETH","type":"buy","date":"1648113989","amount":"0.00402900","price":"3059.84000000","tid":"5931819"},{"symbol":"ETH","type":"buy","date":"1648113958","amount":"0.70305800","price":"3059.23000000","tid":"5931818"},{"symbol":"ETH","type":"sell","date":"1648113953","amount":"3.57172400","price":"3059.05000000","tid":"5931817"},{"symbol":"ETH","type":"sell","date":"1648113953","amount":"6.42827600","price":"3059.06000000","tid":"5931816"},{"symbol":"ETH","type":"sell","date":"1648113950","amount":"4.35931100","price":"3058.81000000","tid":"5931815"},{"symbol":"ETH","type":"sell","date":"1648113950","amount":"1.00000000","price":"3058.82000000","tid":"5931814"},{"symbol":"ETH","type":"sell","date":"1648113950","amount":"0.03468800","price":"3059.33000000","tid":"5931813"},{"symbol":"ETH","type":"sell","date":"1648113950","amount":"0.82574100","price":"3059.45000000","tid":"5931812"},{"symbol":"ETH","type":"sell","date":"1648113950","amount":"3.78026000","price":"3059.47000000","tid":"5931811"},{"symbol":"ETH","type":"sell","date":"1648113930","amount":"0.70312900","price":"3058.70000000","tid":"5931810"},{"symbol":"ETH","type":"buy","date":"1648113923","amount":"0.70319900","price":"3058.01000000","tid":"5931809"},{"symbol":"ETH","type":"sell","date":"1648113859","amount":"0.15128000","price":"3055.89000000","tid":"5931808"},{"symbol":"ETH","type":"buy","date":"1648113858","amount":"4.01092400","price":"3055.96000000","tid":"5931807"},{"symbol":"ETH","type":"buy","date":"1648113848","amount":"0.70367000","price":"3053.91000000","tid":"5931806"},{"symbol":"ETH","type":"buy","date":"1648113842","amount":"0.01710000","price":"3053.77000000","tid":"5931805"},{"symbol":"ETH","type":"buy","date":"1648113842","amount":"0.01710000","price":"3053.77000000","tid":"5931804"},{"symbol":"ETH","type":"buy","date":"1648113842","amount":"0.00800000","price":"3053.77000000","tid":"5931803"},{"symbol":"ETH","type":"buy","date":"1648113839","amount":"0.01000000","price":"3053.77000000","tid":"5931802"},{"symbol":"ETH","type":"buy","date":"1648113838","amount":"0.01400000","price":"3053.77000000","tid":"5931801"},{"symbol":"ETH","type":"buy","date":"1648113837","amount":"0.01400000","price":"3053.77000000","tid":"5931800"},{"symbol":"ETH","type":"buy","date":"1648113834","amount":"0.01410000","price":"3053.77000000","tid":"5931799"},{"symbol":"ETH","type":"buy","date":"1648113833","amount":"0.01620000","price":"3053.77000000","tid":"5931798"},{"symbol":"ETH","type":"buy","date":"1648113833","amount":"0.02300000","price":"3053.77000000","tid":"5931797"},{"symbol":"ETH","type":"buy","date":"1648113833","amount":"0.02340000","price":"3053.77000000","tid":"5931796"},{"symbol":"ETH","type":"buy","date":"1648113827","amount":"0.00410000","price":"3053.77000000","tid":"5931795"},{"symbol":"ETH","type":"buy","date":"1648113826","amount":"0.00400000","price":"3053.77000000","tid":"5931794"},{"symbol":"ETH","type":"buy","date":"1648113810","amount":"1.00000000","price":"3053.32000000","tid":"5931793"},{"symbol":"ETH","type":"buy","date":"1648113802","amount":"0.70375700","price":"3053.16000000","tid":"5931792"},{"symbol":"ETH","type":"buy","date":"1648113802","amount":"7.00000000","price":"3053.05000000","tid":"5931791"},{"symbol":"ETH","type":"buy","date":"1648113802","amount":"9.92929300","price":"3052.98000000","tid":"5931790"},{"symbol":"ETH","type":"buy","date":"1648113802","amount":"0.00570000","price":"3052.98000000","tid":"5931789"},{"symbol":"ETH","type":"buy","date":"1648113801","amount":"0.00720000","price":"3052.98000000","tid":"5931788"},{"symbol":"ETH","type":"buy","date":"1648113801","amount":"0.00720000","price":"3052.98000000","tid":"5931787"},{"symbol":"ETH","type":"buy","date":"1648113800","amount":"0.00740700","price":"3052.98000000","tid":"5931786"},{"symbol":"ETH","type":"buy","date":"1648113799","amount":"0.01150000","price":"3052.98000000","tid":"5931785"},{"symbol":"ETH","type":"buy","date":"1648113799","amount":"0.03170000","price":"3052.98000000","tid":"5931784"},{"symbol":"ETH","type":"buy","date":"1648113799","amount":"10.00000000","price":"3052.65000000","tid":"5931783"},{"symbol":"ETH","type":"buy","date":"1648113799","amount":"2.36750400","price":"3052.64000000","tid":"5931782"},{"symbol":"ETH","type":"buy","date":"1648113799","amount":"0.03590000","price":"3052.64000000","tid":"5931781"},{"symbol":"ETH","type":"buy","date":"1648113799","amount":"0.03590000","price":"3052.64000000","tid":"5931780"},{"symbol":"ETH","type":"buy","date":"1648113798","amount":"0.02100000","price":"3052.64000000","tid":"5931779"},{"symbol":"ETH","type":"buy","date":"1648113797","amount":"0.00600000","price":"3052.64000000","tid":"5931778"},{"symbol":"ETH","type":"buy","date":"1648113796","amount":"0.00600000","price":"3052.64000000","tid":"5931777"},{"symbol":"ETH","type":"buy","date":"1648113795","amount":"0.00600000","price":"3052.64000000","tid":"5931776"},{"symbol":"ETH","type":"buy","date":"1648113793","amount":"0.01500000","price":"3052.64000000","tid":"5931775"},{"symbol":"ETH","type":"buy","date":"1648113793","amount":"0.01500000","price":"3052.64000000","tid":"5931774"},{"symbol":"ETH","type":"buy","date":"1648113793","amount":"0.01500000","price":"3052.64000000","tid":"5931773"},{"symbol":"ETH","type":"buy","date":"1648113778","amount":"3.87220900","price":"3051.11000000","tid":"5931772"},{"symbol":"ETH","type":"buy","date":"1648113775","amount":"0.03200000","price":"3051.11000000","tid":"5931771"},{"symbol":"ETH","type":"buy","date":"1648113775","amount":"0.03900000","price":"3051.11000000","tid":"5931770"},{"symbol":"ETH","type":"buy","date":"1648113775","amount":"0.03110000","price":"3051.11000000","tid":"5931769"},{"symbol":"ETH","type":"buy","date":"1648113774","amount":"0.01930000","price":"3051.11000000","tid":"5931768"},{"symbol":"ETH","type":"buy","date":"1648113771","amount":"0.01000000","price":"3051.11000000","tid":"5931767"},{"symbol":"ETH","type":"buy","date":"1648113771","amount":"0.01050000","price":"3051.11000000","tid":"5931766"},{"symbol":"ETH","type":"sell","date":"1648113768","amount":"0.70422900","price":"3049.08000000","tid":"5931765"},{"symbol":"ETH","type":"buy","date":"1648113765","amount":"0.16780000","price":"3048.46000000","tid":"5931764"},{"symbol":"ETH","type":"buy","date":"1648113764","amount":"0.01710000","price":"3048.46000000","tid":"5931763"},{"symbol":"ETH","type":"buy","date":"1648113764","amount":"0.06600000","price":"3048.46000000","tid":"5931762"},{"symbol":"ETH","type":"buy","date":"1648113763","amount":"0.02090000","price":"3048.46000000","tid":"5931761"},{"symbol":"ETH","type":"buy","date":"1648113763","amount":"0.05220000","price":"3048.46000000","tid":"5931760"},{"symbol":"ETH","type":"buy","date":"1648113763","amount":"0.05220000","price":"3048.46000000","tid":"5931759"},{"symbol":"ETH","type":"buy","date":"1648113761","amount":"0.06530000","price":"3048.46000000","tid":"5931758"},{"symbol":"ETH","type":"buy","date":"1648113761","amount":"0.03900000","price":"3048.46000000","tid":"5931757"},{"symbol":"ETH","type":"buy","date":"1648113761","amount":"0.08320000","price":"3048.46000000","tid":"5931756"},{"symbol":"ETH","type":"buy","date":"1648113759","amount":"0.03800000","price":"3048.46000000","tid":"5931755"},{"symbol":"ETH","type":"buy","date":"1648113756","amount":"0.10260000","price":"3048.46000000","tid":"5931754"},{"symbol":"ETH","type":"sell","date":"1648113661","amount":"0.73175100","price":"3047.49000000","tid":"5931753"},{"symbol":"ETH","type":"sell","date":"1648113661","amount":"0.70430000","price":"3048.45000000","tid":"5931752"},{"symbol":"ETH","type":"sell","date":"1648113637","amount":"0.24154700","price":"3048.66000000","tid":"5931751"},{"symbol":"ETH","type":"sell","date":"1648113589","amount":"0.00380900","price":"3048.66000000","tid":"5931750"},{"symbol":"ETH","type":"sell","date":"1648112959","amount":"0.05300000","price":"3049.26000000","tid":"5931749"},{"symbol":"ETH","type":"sell","date":"1648112959","amount":"0.01720000","price":"3049.26000000","tid":"5931748"},{"symbol":"ETH","type":"sell","date":"1648112958","amount":"0.05390000","price":"3049.26000000","tid":"5931747"},{"symbol":"ETH","type":"sell","date":"1648112958","amount":"0.03490000","price":"3049.26000000","tid":"5931746"},{"symbol":"ETH","type":"sell","date":"1648112957","amount":"0.09510000","price":"3049.26000000","tid":"5931745"},{"symbol":"ETH","type":"sell","date":"1648112956","amount":"0.08770000","price":"3049.26000000","tid":"5931744"},{"symbol":"ETH","type":"sell","date":"1648112956","amount":"0.11800000","price":"3049.26000000","tid":"5931743"},{"symbol":"ETH","type":"sell","date":"1648112956","amount":"0.11880000","price":"3049.26000000","tid":"5931742"},{"symbol":"ETH","type":"sell","date":"1648112954","amount":"0.10980000","price":"3049.26000000","tid":"5931741"},{"symbol":"ETH","type":"buy","date":"1648112664","amount":"0.09818000","price":"3049.79000000","tid":"5931740"},{"symbol":"ETH","type":"sell","date":"1648112547","amount":"0.59591400","price":"3048.26000000","tid":"5931739"},{"symbol":"ETH","type":"sell","date":"1648112547","amount":"0.70408600","price":"3050.30000000","tid":"5931738"},{"symbol":"ETH","type":"sell","date":"1648112541","amount":"0.00400000","price":"3050.90000000","tid":"5931737"},{"symbol":"ETH","type":"sell","date":"1648112539","amount":"0.00400000","price":"3050.90000000","tid":"5931736"},{"symbol":"ETH","type":"sell","date":"1648112537","amount":"0.04381700","price":"3050.90000000","tid":"5931735"},{"symbol":"ETH","type":"sell","date":"1648112537","amount":"0.07210000","price":"3050.90000000","tid":"5931734"},{"symbol":"ETH","type":"sell","date":"1648112536","amount":"0.11200000","price":"3050.90000000","tid":"5931733"},{"symbol":"ETH","type":"sell","date":"1648112534","amount":"0.11250000","price":"3050.90000000","tid":"5931732"},{"symbol":"ETH","type":"sell","date":"1648112534","amount":"0.09010000","price":"3050.90000000","tid":"5931731"},{"symbol":"ETH","type":"sell","date":"1648112530","amount":"0.11260000","price":"3050.90000000","tid":"5931730"},{"symbol":"ETH","type":"sell","date":"1648112526","amount":"0.14080000","price":"3050.90000000","tid":"5931729"},{"symbol":"ETH","type":"sell","date":"1648112520","amount":"0.14000000","price":"3051.02000000","tid":"5931728"},{"symbol":"ETH","type":"buy","date":"1648112509","amount":"0.00344900","price":"3051.03000000","tid":"5931727"},{"symbol":"ETH","type":"buy","date":"1648112504","amount":"0.00643200","price":"3051.24000000","tid":"5931726"},{"symbol":"ETH","type":"sell","date":"1648112503","amount":"0.11300000","price":"3051.23000000","tid":"5931725"},{"symbol":"ETH","type":"sell","date":"1648112500","amount":"0.13337900","price":"3051.23000000","tid":"5931724"},{"symbol":"ETH","type":"sell","date":"1648112500","amount":"0.00662100","price":"3051.43000000","tid":"5931723"},{"symbol":"ETH","type":"sell","date":"1648112403","amount":"0.70390800","price":"3051.84000000","tid":"5931722"},{"symbol":"ETH","type":"sell","date":"1648112398","amount":"0.01000000","price":"3051.85000000","tid":"5931721"},{"symbol":"ETH","type":"buy","date":"1648112206","amount":"0.70390700","price":"3051.86000000","tid":"5931720"},{"symbol":"ETH","type":"buy","date":"1648112106","amount":"0.01020000","price":"3051.85000000","tid":"5931719"},{"symbol":"ETH","type":"buy","date":"1648112106","amount":"0.01000000","price":"3051.85000000","tid":"5931718"},{"symbol":"ETH","type":"buy","date":"1648112080","amount":"0.00610000","price":"3051.84000000","tid":"5931717"},{"symbol":"ETH","type":"buy","date":"1648112001","amount":"0.01100000","price":"3051.83000000","tid":"5931716"},{"symbol":"ETH","type":"buy","date":"1648111991","amount":"0.01000000","price":"3051.82000000","tid":"5931715"},{"symbol":"ETH","type":"buy","date":"1648111981","amount":"0.01270000","price":"3051.73000000","tid":"5931714"},{"symbol":"ETH","type":"buy","date":"1648111980","amount":"0.01580000","price":"3051.73000000","tid":"5931713"},{"symbol":"ETH","type":"buy","date":"1648111979","amount":"0.01980000","price":"3051.73000000","tid":"5931712"},{"symbol":"ETH","type":"buy","date":"1648111978","amount":"0.03180000","price":"3051.73000000","tid":"5931711"},{"symbol":"ETH","type":"buy","date":"1648111978","amount":"0.02800000","price":"3051.73000000","tid":"5931710"},{"symbol":"ETH","type":"buy","date":"1648111972","amount":"0.00340000","price":"3051.64000000","tid":"5931709"},{"symbol":"ETH","type":"buy","date":"1648111970","amount":"0.01090000","price":"3051.64000000","tid":"5931708"},{"symbol":"ETH","type":"buy","date":"1648111970","amount":"0.02680000","price":"3051.64000000","tid":"5931707"},{"symbol":"ETH","type":"buy","date":"1648111969","amount":"0.00740000","price":"3051.64000000","tid":"5931706"},{"symbol":"ETH","type":"buy","date":"1648111969","amount":"0.02600000","price":"3051.64000000","tid":"5931705"},{"symbol":"ETH","type":"buy","date":"1648111968","amount":"0.02670000","price":"3051.64000000","tid":"5931704"},{"symbol":"ETH","type":"buy","date":"1648111960","amount":"0.01690000","price":"3051.15000000","tid":"5931703"},{"symbol":"ETH","type":"buy","date":"1648111959","amount":"0.03220000","price":"3051.15000000","tid":"5931702"},{"symbol":"ETH","type":"buy","date":"1648111959","amount":"0.01600000","price":"3051.15000000","tid":"5931701"},{"symbol":"ETH","type":"buy","date":"1648111959","amount":"0.01790000","price":"3051.15000000","tid":"5931700"},{"symbol":"ETH","type":"buy","date":"1648111958","amount":"0.03340000","price":"3051.15000000","tid":"5931699"},{"symbol":"ETH","type":"buy","date":"1648111957","amount":"0.03340000","price":"3051.15000000","tid":"5931698"},{"symbol":"ETH","type":"buy","date":"1648111956","amount":"0.02130000","price":"3051.15000000","tid":"5931697"},{"symbol":"ETH","type":"buy","date":"1648111956","amount":"0.02710000","price":"3051.15000000","tid":"5931696"},{"symbol":"ETH","type":"buy","date":"1648111956","amount":"0.01700000","price":"3051.15000000","tid":"5931695"},{"symbol":"ETH","type":"buy","date":"1648111955","amount":"0.00335700","price":"3051.15000000","tid":"5931694"},{"symbol":"ETH","type":"buy","date":"1648111955","amount":"0.07770000","price":"3051.15000000","tid":"5931693"},{"symbol":"ETH","type":"buy","date":"1648111954","amount":"0.06210000","price":"3051.15000000","tid":"5931692"},{"symbol":"ETH","type":"buy","date":"1648111954","amount":"0.06100000","price":"3051.15000000","tid":"5931691"},{"symbol":"ETH","type":"buy","date":"1648111951","amount":"0.05620000","price":"3051.15000000","tid":"5931690"},{"symbol":"ETH","type":"buy","date":"1648111950","amount":"0.02900000","price":"3051.15000000","tid":"5931689"},{"symbol":"ETH","type":"buy","date":"1648111950","amount":"0.03190000","price":"3051.15000000","tid":"5931688"},{"symbol":"ETH","type":"buy","date":"1648111949","amount":"0.03190000","price":"3051.15000000","tid":"5931687"},{"symbol":"ETH","type":"buy","date":"1648111946","amount":"0.12100000","price":"3050.68000000","tid":"5931686"},{"symbol":"ETH","type":"buy","date":"1648111946","amount":"0.06820000","price":"3050.68000000","tid":"5931685"},{"symbol":"ETH","type":"buy","date":"1648111945","amount":"0.14080000","price":"3050.68000000","tid":"5931684"},{"symbol":"ETH","type":"buy","date":"1648111945","amount":"0.11610000","price":"3050.68000000","tid":"5931683"},{"symbol":"ETH","type":"buy","date":"1648111943","amount":"0.03280000","price":"3050.68000000","tid":"5931682"},{"symbol":"ETH","type":"buy","date":"1648111939","amount":"0.06540000","price":"3050.68000000","tid":"5931681"},{"symbol":"ETH","type":"sell","date":"1648111876","amount":"0.22110000","price":"3050.42000000","tid":"5931680"},{"symbol":"ETH","type":"sell","date":"1648111875","amount":"0.27630000","price":"3050.42000000","tid":"5931679"},{"symbol":"ETH","type":"sell","date":"1648111873","amount":"0.02805600","price":"3050.42000000","tid":"5931678"},{"symbol":"ETH","type":"sell","date":"1648111873","amount":"0.07974400","price":"3050.67000000","tid":"5931677"},{"symbol":"ETH","type":"sell","date":"1648111872","amount":"0.09010000","price":"3050.67000000","tid":"5931676"},{"symbol":"ETH","type":"sell","date":"1648111872","amount":"0.14000000","price":"3050.67000000","tid":"5931675"},{"symbol":"ETH","type":"sell","date":"1648111872","amount":"0.14080000","price":"3050.67000000","tid":"5931674"},{"symbol":"ETH","type":"sell","date":"1648111870","amount":"0.11260000","price":"3050.67000000","tid":"5931673"},{"symbol":"ETH","type":"sell","date":"1648111869","amount":"0.14080000","price":"3050.67000000","tid":"5931672"},{"symbol":"ETH","type":"sell","date":"1648111683","amount":"0.14080000","price":"3050.79000000","tid":"5931671"},{"symbol":"ETH","type":"buy","date":"1648111648","amount":"0.04251300","price":"3050.82000000","tid":"5931670"},{"symbol":"ETH","type":"buy","date":"1648111508","amount":"0.00500000","price":"3051.40000000","tid":"5931669"},{"symbol":"ETH","type":"buy","date":"1648111477","amount":"0.70403000","price":"3050.79000000","tid":"5931668"},{"symbol":"ETH","type":"buy","date":"1648111475","amount":"0.03100000","price":"3052.20000000","tid":"5931667"},{"symbol":"ETH","type":"sell","date":"1648111474","amount":"0.03615600","price":"3050.69000000","tid":"5931666"},{"symbol":"ETH","type":"buy","date":"1648111473","amount":"0.03771400","price":"3050.16000000","tid":"5931665"},{"symbol":"ETH","type":"buy","date":"1648111473","amount":"0.70410400","price":"3050.16000000","tid":"5931664"},{"symbol":"ETH","type":"buy","date":"1648111403","amount":"0.04976200","price":"3050.11000000","tid":"5931663"},{"symbol":"ETH","type":"buy","date":"1648111403","amount":"0.01556000","price":"3050.10000000","tid":"5931662"},{"symbol":"ETH","type":"buy","date":"1648111403","amount":"0.03285300","price":"3050.10000000","tid":"5931661"},{"symbol":"ETH","type":"sell","date":"1648111116","amount":"0.70417900","price":"3050.43000000","tid":"5931660"},{"symbol":"ETH","type":"buy","date":"1648111093","amount":"0.70424900","price":"3048.89000000","tid":"5931659"},{"symbol":"ETH","type":"buy","date":"1648111043","amount":"0.70432000","price":"3048.28000000","tid":"5931658"},{"symbol":"ETH","type":"sell","date":"1648111020","amount":"0.09977300","price":"3048.11000000","tid":"5931657"},{"symbol":"ETH","type":"buy","date":"1648111009","amount":"1.50000000","price":"3048.42000000","tid":"5931656"},{"symbol":"ETH","type":"sell","date":"1648110997","amount":"0.64046900","price":"3047.79000000","tid":"5931655"},{"symbol":"ETH","type":"sell","date":"1648110997","amount":"0.05100000","price":"3047.80000000","tid":"5931654"},{"symbol":"ETH","type":"sell","date":"1648110997","amount":"0.01307100","price":"3047.80000000","tid":"5931653"},{"symbol":"ETH","type":"buy","date":"1648110974","amount":"0.66361100","price":"3045.77000000","tid":"5931652"},{"symbol":"ETH","type":"buy","date":"1648110973","amount":"0.02400000","price":"3045.77000000","tid":"5931651"},{"symbol":"ETH","type":"buy","date":"1648110973","amount":"0.01700000","price":"3045.77000000","tid":"5931650"},{"symbol":"ETH","type":"buy","date":"1648110969","amount":"0.03400000","price":"3045.49000000","tid":"5931649"},{"symbol":"ETH","type":"buy","date":"1648110969","amount":"0.01700000","price":"3045.49000000","tid":"5931648"},{"symbol":"ETH","type":"buy","date":"1648110968","amount":"0.01000000","price":"3045.49000000","tid":"5931647"},{"symbol":"ETH","type":"buy","date":"1648110967","amount":"0.02000000","price":"3045.49000000","tid":"5931646"},{"symbol":"ETH","type":"buy","date":"1648110965","amount":"0.01700000","price":"3045.49000000","tid":"5931645"},{"symbol":"ETH","type":"buy","date":"1648110964","amount":"0.02400000","price":"3045.49000000","tid":"5931644"},{"symbol":"ETH","type":"buy","date":"1648110962","amount":"0.03000000","price":"3045.49000000","tid":"5931643"},{"symbol":"ETH","type":"buy","date":"1648110960","amount":"0.02200000","price":"3045.49000000","tid":"5931642"},{"symbol":"ETH","type":"buy","date":"1648110958","amount":"0.01900000","price":"3045.49000000","tid":"5931641"},{"symbol":"ETH","type":"buy","date":"1648110956","amount":"0.02000000","price":"3045.49000000","tid":"5931640"},{"symbol":"ETH","type":"buy","date":"1648110956","amount":"0.11000000","price":"3045.49000000","tid":"5931639"},{"symbol":"ETH","type":"buy","date":"1648110953","amount":"0.03200000","price":"3045.36000000","tid":"5931638"},{"symbol":"ETH","type":"buy","date":"1648110952","amount":"0.05100000","price":"3045.36000000","tid":"5931637"},{"symbol":"ETH","type":"buy","date":"1648110949","amount":"0.06700000","price":"3045.36000000","tid":"5931636"},{"symbol":"ETH","type":"buy","date":"1648110890","amount":"0.02800000","price":"3045.19000000","tid":"5931635"},{"symbol":"ETH","type":"buy","date":"1648110887","amount":"0.01800000","price":"3045.19000000","tid":"5931634"},{"symbol":"ETH","type":"buy","date":"1648110885","amount":"0.02310000","price":"3045.19000000","tid":"5931633"},{"symbol":"ETH","type":"buy","date":"1648110885","amount":"0.08900000","price":"3045.19000000","tid":"5931632"},{"symbol":"ETH","type":"buy","date":"1648110884","amount":"0.03940000","price":"3045.19000000","tid":"5931631"},{"symbol":"ETH","type":"buy","date":"1648110877","amount":"0.02456800","price":"3044.94000000","tid":"5931630"},{"symbol":"ETH","type":"buy","date":"1648110872","amount":"0.05420000","price":"3044.94000000","tid":"5931629"},{"symbol":"ETH","type":"buy","date":"1648110872","amount":"0.07300000","price":"3044.94000000","tid":"5931628"},{"symbol":"ETH","type":"buy","date":"1648110870","amount":"0.12900000","price":"3044.94000000","tid":"5931627"},{"symbol":"ETH","type":"buy","date":"1648110863","amount":"0.05710000","price":"3044.90000000","tid":"5931626"},{"symbol":"ETH","type":"buy","date":"1648110851","amount":"0.04800000","price":"3044.41000000","tid":"5931625"},{"symbol":"ETH","type":"buy","date":"1648110851","amount":"0.04830000","price":"3044.41000000","tid":"5931624"},{"symbol":"ETH","type":"sell","date":"1648110843","amount":"0.46300000","price":"3045.56000000","tid":"5931623"},{"symbol":"ETH","type":"buy","date":"1648110839","amount":"0.02026000","price":"3045.83000000","tid":"5931622"},{"symbol":"ETH","type":"buy","date":"1648110839","amount":"0.06374000","price":"3043.79000000","tid":"5931621"},{"symbol":"ETH","type":"buy","date":"1648110839","amount":"0.04070000","price":"3043.79000000","tid":"5931620"},{"symbol":"ETH","type":"buy","date":"1648110839","amount":"0.02600000","price":"3043.79000000","tid":"5931619"},{"symbol":"ETH","type":"buy","date":"1648110838","amount":"0.03250000","price":"3043.79000000","tid":"5931618"},{"symbol":"ETH","type":"buy","date":"1648110837","amount":"0.04070000","price":"3043.79000000","tid":"5931617"},{"symbol":"ETH","type":"buy","date":"1648110836","amount":"0.05090000","price":"3043.79000000","tid":"5931616"},{"symbol":"ETH","type":"buy","date":"1648110836","amount":"0.08470000","price":"3043.79000000","tid":"5931615"},{"symbol":"ETH","type":"buy","date":"1648110836","amount":"0.08470000","price":"3043.79000000","tid":"5931614"},{"symbol":"ETH","type":"buy","date":"1648110831","amount":"0.14000000","price":"3043.79000000","tid":"5931613"},{"symbol":"ETH","type":"buy","date":"1648110831","amount":"0.14090000","price":"3043.79000000","tid":"5931612"},{"symbol":"ETH","type":"buy","date":"1648110816","amount":"0.07471800","price":"3043.18000000","tid":"5931611"},{"symbol":"ETH","type":"buy","date":"1648110816","amount":"0.03828200","price":"3043.18000000","tid":"5931610"},{"symbol":"ETH","type":"buy","date":"1648110816","amount":"0.07100000","price":"3043.18000000","tid":"5931609"},{"symbol":"ETH","type":"buy","date":"1648110816","amount":"0.04610000","price":"3043.18000000","tid":"5931608"},{"symbol":"ETH","type":"buy","date":"1648110814","amount":"0.05630000","price":"3043.18000000","tid":"5931607"},{"symbol":"ETH","type":"buy","date":"1648110814","amount":"0.07030000","price":"3043.18000000","tid":"5931606"},{"symbol":"ETH","type":"buy","date":"1648110814","amount":"0.07000000","price":"3043.18000000","tid":"5931605"},{"symbol":"ETH","type":"buy","date":"1648110811","amount":"0.08790000","price":"3043.18000000","tid":"5931604"},{"symbol":"ETH","type":"buy","date":"1648110810","amount":"0.11240000","price":"3043.18000000","tid":"5931603"},{"symbol":"ETH","type":"buy","date":"1648110810","amount":"0.01000000","price":"3043.18000000","tid":"5931602"},{"symbol":"ETH","type":"buy","date":"1648110809","amount":"0.14262900","price":"3043.18000000","tid":"5931601"},{"symbol":"ETH","type":"buy","date":"1648110809","amount":"0.02605200","price":"3043.17000000","tid":"5931600"},{"symbol":"ETH","type":"buy","date":"1648110809","amount":"0.01158500","price":"3043.17000000","tid":"5931599"},{"symbol":"ETH","type":"buy","date":"1648110809","amount":"0.01217000","price":"3043.17000000","tid":"5931598"},{"symbol":"ETH","type":"buy","date":"1648110809","amount":"0.00756400","price":"3043.17000000","tid":"5931597"},{"symbol":"ETH","type":"buy","date":"1648110809","amount":"0.01040000","price":"3043.17000000","tid":"5931596"},{"symbol":"ETH","type":"buy","date":"1648110809","amount":"0.01040000","price":"3043.17000000","tid":"5931595"},{"symbol":"ETH","type":"sell","date":"1648110723","amount":"0.70498100","price":"3043.01000000","tid":"5931594"},{"symbol":"ETH","type":"sell","date":"1648110699","amount":"0.02963600","price":"3041.93000000","tid":"5931593"},{"symbol":"ETH","type":"buy","date":"1648110699","amount":"0.02186200","price":"3043.98000000","tid":"5931592"},{"symbol":"ETH","type":"buy","date":"1648110699","amount":"0.09567100","price":"3041.94000000","tid":"5931591"},{"symbol":"ETH","type":"buy","date":"1648110698","amount":"0.40500000","price":"3041.94000000","tid":"5931590"},{"symbol":"ETH","type":"buy","date":"1648110698","amount":"0.20438300","price":"3041.94000000","tid":"5931589"},{"symbol":"ETH","type":"buy","date":"1648110698","amount":"0.03921700","price":"3041.62000000","tid":"5931588"},{"symbol":"ETH","type":"buy","date":"1648110695","amount":"0.38060000","price":"3041.62000000","tid":"5931587"},{"symbol":"ETH","type":"buy","date":"1648110694","amount":"0.47580000","price":"3041.62000000","tid":"5931586"},{"symbol":"ETH","type":"buy","date":"1648110694","amount":"0.72100000","price":"3041.62000000","tid":"5931585"},{"symbol":"ETH","type":"buy","date":"1648110693","amount":"0.45310000","price":"3041.62000000","tid":"5931584"},{"symbol":"ETH","type":"sell","date":"1648110685","amount":"0.70532700","price":"3040.99000000","tid":"5931583"},{"symbol":"ETH","type":"sell","date":"1648110678","amount":"0.30000000","price":"3040.99000000","tid":"5931582"},{"symbol":"ETH","type":"sell","date":"1648110660","amount":"0.69539800","price":"3040.36000000","tid":"5931581"},{"symbol":"ETH","type":"sell","date":"1648110660","amount":"0.01000000","price":"3040.39000000","tid":"5931580"},{"symbol":"ETH","type":"sell","date":"1648110636","amount":"0.68546800","price":"3038.47000000","tid":"5931579"},{"symbol":"ETH","type":"sell","date":"1648110636","amount":"0.02000000","price":"3039.23000000","tid":"5931578"},{"symbol":"ETH","type":"sell","date":"1648110628","amount":"0.30553900","price":"3038.68000000","tid":"5931577"},{"symbol":"ETH","type":"sell","date":"1648110628","amount":"0.40000000","price":"3038.96000000","tid":"5931576"},{"symbol":"ETH","type":"buy","date":"1648110622","amount":"0.02238800","price":"3039.17000000","tid":"5931575"}