[{
  "_id": {
    "$oid": "623da4f0457b0d15062ece00"
  },
  "symbol": "BTC",
  "type": "buy",
  "date": "1648118500",
  "amount": "0.00100000",
  "price": "43028.5",
  "tid": "13852193"
},{
  "_id": {
    "$oid": "623da4f0457b0d15062ece01"
  },
  "symbol": "BTC",
  "type": "buy",
  "date": "1648118490",
  "amount": "0.00170000",
  "price": "43028.5",
  "tid": "13852192"
},{
  "_id": {
    "$oid": "623da4f0457b0d15062ece02"
  },
  "symbol": "BTC",
  "type": "buy",
  "date": "1648118490",
  "amount": "0.00170000",
  "price": "43028.5",
  "tid": "13852191"
},{
  "_id": {
    "$oid": "623da4f0457b0d15062ece03"
  },
  "symbol": "BTC",
  "type": "buy",
  "date": "1648118486",
  "amount": "0.00780000",
  "price": "43028.5",
  "tid": "13852190"
},{
  "_id": {
    "$oid": "623da4f0457b0d15062ece04"
  },
  "symbol": "BTC",
  "type": "buy",
  "date": "1648118486",
  "amount": "0.00408300",
  "price": "43028.5",
  "tid": "13852189"
},{
  "_id": {
    "$oid": "623da4f0457b0d15062ece05"
  },
  "symbol": "BTC",
  "type": "buy",
  "date": "1648118485",
  "amount": "0.01116004",
  "price": "43028.5",
  "tid": "13852188"
},{
  "_id": {
    "$oid": "623da4f0457b0d15062ece06"
  },
  "symbol": "BTC",
  "type": "buy",
  "date": "1648118483",
  "amount": "0.00789400",
  "price": "43028.5",
  "tid": "13852187"
},{
  "_id": {
    "$oid": "623da4f0457b0d15062ece07"
  },
  "symbol": "BTC",
  "type": "buy",
  "date": "1648118470",
  "amount": "0.00986800",
  "price": "43028.5",
  "tid": "13852186"
},{
  "_id": {
    "$oid": "623da4f0457b0d15062ece08"
  },
  "symbol": "BTC",
  "type": "buy",
  "date": "1648118463",
  "amount": "0.00358367",
  "price": "43028.5",
  "tid": "13852185"
},{
  "_id": {
    "$oid": "623da4f0457b0d15062ece09"
  },
  "symbol": "BTC",
  "type": "buy",
  "date": "1648118429",
  "amount": "0.01320000",
  "price": "43028.5",
  "tid": "13852184"
},{
  "_id": {
    "$oid": "623da4f0457b0d15062ece0a"
  },
  "symbol": "BTC",
  "type": "buy",
  "date": "1648118427",
  "amount": "0.01650000",
  "price": "43028.5",
  "tid": "13852183"
},{
  "_id": {
    "$oid": "623da4f0457b0d15062ece0b"
  },
  "symbol": "BTC",
  "type": "sell",
  "date": "1648118400",
  "amount": "0.01737528",
  "price": "43028.5",
  "tid": "13852182"
},{
  "_id": {
    "$oid": "623da4f0457b0d15062ece0c"
  },
  "symbol": "BTC",
  "type": "buy",
  "date": "1648118374",
  "amount": "0.00270000",
  "price": "43034.1",
  "tid": "13852181"
},{
  "_id": {
    "$oid": "623da4f0457b0d15062ece0d"
  },
  "symbol": "BTC",
  "type": "buy",
  "date": "1648118371",
  "amount": "0.00347400",
  "price": "43034.1",
  "tid": "13852180"
},{
  "_id": {
    "$oid": "623da4f0457b0d15062ece0e"
  },
  "symbol": "BTC",
  "type": "buy",
  "date": "1648118356",
  "amount": "0.00868770",
  "price": "43029.8",
  "tid": "13852179"
},{
  "_id": {
    "$oid": "623da4f0457b0d15062ece0f"
  },
  "symbol": "BTC",
  "type": "sell",
  "date": "1648118333",
  "amount": "0.01000000",
  "price": "43028.6",
  "tid": "13852178"
},{
  "_id": {
    "$oid": "623da4f0457b0d15062ece10"
  },
  "symbol": "BTC",
  "type": "buy",
  "date": "1648118330",
  "amount": "0.00235261",
  "price": "43028.7",
  "tid": "13852177"
},{
  "_id": {
    "$oid": "623da4f0457b0d15062ece11"
  },
  "symbol": "BTC",
  "type": "sell",
  "date": "1648118329",
  "amount": "0.03829614",
  "price": "43028.6",
  "tid": "13852176"
},{
  "_id": {
    "$oid": "623da4f0457b0d15062ece12"
  },
  "symbol": "BTC",
  "type": "buy",
  "date": "1648118218",
  "amount": "0.00128821",
  "price": "43028",
  "tid": "13852175"
},{
  "_id": {
    "$oid": "623da4f0457b0d15062ece13"
  },
  "symbol": "BTC",
  "type": "sell",
  "date": "1648118203",
  "amount": "0.00509828",
  "price": "43026.9",
  "tid": "13852174"
},{
  "_id": {
    "$oid": "623da4f0457b0d15062ece14"
  },
  "symbol": "BTC",
  "type": "buy",
  "date": "1648118200",
  "amount": "0.00212900",
  "price": "43027",
  "tid": "13852173"
},{
  "_id": {
    "$oid": "623da4f0457b0d15062ece15"
  },
  "symbol": "BTC",
  "type": "buy",
  "date": "1648118183",
  "amount": "0.00028000",
  "price": "43022.4",
  "tid": "13852172"
},{
  "_id": {
    "$oid": "623da4f0457b0d15062ece16"
  },
  "symbol": "BTC",
  "type": "buy",
  "date": "1648118179",
  "amount": "0.00207000",
  "price": "43022.4",
  "tid": "13852171"
},{
  "_id": {
    "$oid": "623da4f0457b0d15062ece17"
  },
  "symbol": "BTC",
  "type": "buy",
  "date": "1648118178",
  "amount": "0.00347000",
  "price": "43022.4",
  "tid": "13852170"
},{
  "_id": {
    "$oid": "623da4f0457b0d15062ece18"
  },
  "symbol": "BTC",
  "type": "buy",
  "date": "1648118177",
  "amount": "0.00347500",
  "price": "43022.4",
  "tid": "13852169"
},{
  "_id": {
    "$oid": "623da4f0457b0d15062ece19"
  },
  "symbol": "BTC",
  "type": "buy",
  "date": "1648118169",
  "amount": "0.00278000",
  "price": "43019.3",
  "tid": "13852168"
},{
  "_id": {
    "$oid": "623da4f0457b0d15062ece1a"
  },
  "symbol": "BTC",
  "type": "buy",
  "date": "1648118168",
  "amount": "0.00347000",
  "price": "43019.3",
  "tid": "13852167"
},{
  "_id": {
    "$oid": "623da4f0457b0d15062ece1b"
  },
  "symbol": "BTC",
  "type": "buy",
  "date": "1648118159",
  "amount": "0.00347000",
  "price": "43015.9",
  "tid": "13852166"
},{
  "_id": {
    "$oid": "623da4f0457b0d15062ece1c"
  },
  "symbol": "BTC",
  "type": "buy",
  "date": "1648118159",
  "amount": "0.00340000",
  "price": "43015.9",
  "tid": "13852165"
},{
  "_id": {
    "$oid": "623da4f0457b0d15062ece1d"
  },
  "symbol": "BTC",
  "type": "buy",
  "date": "1648118146",
  "amount": "0.00340000",
  "price": "43014.2",
  "tid": "13852164"
},{
  "_id": {
    "$oid": "623da4f0457b0d15062ece1e"
  },
  "symbol": "BTC",
  "type": "buy",
  "date": "1648118127",
  "amount": "0.00347000",
  "price": "43010.8",
  "tid": "13852163"
},{
  "_id": {
    "$oid": "623da4f0457b0d15062ece1f"
  },
  "symbol": "BTC",
  "type": "buy",
  "date": "1648118127",
  "amount": "0.00347500",
  "price": "43010.8",
  "tid": "13852162"
},{
  "_id": {
    "$oid": "623da4f0457b0d15062ece20"
  },
  "symbol": "BTC",
  "type": "sell",
  "date": "1648117962",
  "amount": "0.02919988",
  "price": "42996.3",
  "tid": "13852161"
},{
  "_id": {
    "$oid": "623da4f0457b0d15062ece21"
  },
  "symbol": "BTC",
  "type": "buy",
  "date": "1648117953",
  "amount": "0.01737596",
  "price": "43011.8",
  "tid": "13852160"
},{
  "_id": {
    "$oid": "623da4f0457b0d15062ece22"
  },
  "symbol": "BTC",
  "type": "sell",
  "date": "1648117948",
  "amount": "0.00294022",
  "price": "43033.7",
  "tid": "13852159"
},{
  "_id": {
    "$oid": "623da4f0457b0d15062ece23"
  },
  "symbol": "BTC",
  "type": "sell",
  "date": "1648117946",
  "amount": "0.00139000",
  "price": "43033.7",
  "tid": "13852158"
},{
  "_id": {
    "$oid": "623da4f0457b0d15062ece24"
  },
  "symbol": "BTC",
  "type": "sell",
  "date": "1648117946",
  "amount": "0.00347400",
  "price": "43033.7",
  "tid": "13852157"
},{
  "_id": {
    "$oid": "623da4f0457b0d15062ece25"
  },
  "symbol": "BTC",
  "type": "sell",
  "date": "1648117945",
  "amount": "0.00347000",
  "price": "43033.7",
  "tid": "13852156"
},{
  "_id": {
    "$oid": "623da4f0457b0d15062ece26"
  },
  "symbol": "BTC",
  "type": "sell",
  "date": "1648117945",
  "amount": "0.00270000",
  "price": "43033.7",
  "tid": "13852155"
},{
  "_id": {
    "$oid": "623da4f0457b0d15062ece27"
  },
  "symbol": "BTC",
  "type": "sell",
  "date": "1648117943",
  "amount": "0.00340000",
  "price": "43033.7",
  "tid": "13852154"
},{
  "_id": {
    "$oid": "623da4f0457b0d15062ece28"
  },
  "symbol": "BTC",
  "type": "sell",
  "date": "1648117933",
  "amount": "0.00272311",
  "price": "43035.1",
  "tid": "13852153"
},{
  "_id": {
    "$oid": "623da4f0457b0d15062ece29"
  },
  "symbol": "BTC",
  "type": "sell",
  "date": "1648117933",
  "amount": "0.00087689",
  "price": "43035.1",
  "tid": "13852152"
},{
  "_id": {
    "$oid": "623da4f0457b0d15062ece2a"
  },
  "symbol": "BTC",
  "type": "buy",
  "date": "1648117909",
  "amount": "0.00095614",
  "price": "43035.2",
  "tid": "13852151"
},{
  "_id": {
    "$oid": "623da4f0457b0d15062ece2b"
  },
  "symbol": "BTC",
  "type": "buy",
  "date": "1648117864",
  "amount": "0.00421825",
  "price": "43036.8",
  "tid": "13852150"
},{
  "_id": {
    "$oid": "623da4f0457b0d15062ece2c"
  },
  "symbol": "BTC",
  "type": "sell",
  "date": "1648117780",
  "amount": "0.00102469",
  "price": "43035.7",
  "tid": "13852149"
},{
  "_id": {
    "$oid": "623da4f0457b0d15062ece2d"
  },
  "symbol": "BTC",
  "type": "sell",
  "date": "1648117720",
  "amount": "0.00090000",
  "price": "43035.2",
  "tid": "13852148"
},{
  "_id": {
    "$oid": "623da4f0457b0d15062ece2e"
  },
  "symbol": "BTC",
  "type": "sell",
  "date": "1648117662",
  "amount": "0.01737395",
  "price": "43037.4",
  "tid": "13852147"
},{
  "_id": {
    "$oid": "623da4f0457b0d15062ece2f"
  },
  "symbol": "BTC",
  "type": "buy",
  "date": "1648117633",
  "amount": "0.00067537",
  "price": "43026.6",
  "tid": "13852146"
},{
  "_id": {
    "$oid": "623da4f0457b0d15062ece30"
  },
  "symbol": "BTC",
  "type": "sell",
  "date": "1648117632",
  "amount": "0.00120669",
  "price": "43033",
  "tid": "13852145"
},{
  "_id": {
    "$oid": "623da4f0457b0d15062ece31"
  },
  "symbol": "BTC",
  "type": "sell",
  "date": "1648117632",
  "amount": "0.01162031",
  "price": "43034",
  "tid": "13852144"
},{
  "_id": {
    "$oid": "623da4f0457b0d15062ece32"
  },
  "symbol": "BTC",
  "type": "sell",
  "date": "1648117632",
  "amount": "0.00387332",
  "price": "43034.5",
  "tid": "13852143"
},{
  "_id": {
    "$oid": "623da4f0457b0d15062ece33"
  },
  "symbol": "BTC",
  "type": "sell",
  "date": "1648117608",
  "amount": "0.01737743",
  "price": "43028.1",
  "tid": "13852142"
},{
  "_id": {
    "$oid": "623da4f0457b0d15062ece34"
  },
  "symbol": "BTC",
  "type": "buy",
  "date": "1648117603",
  "amount": "0.00651492",
  "price": "43035",
  "tid": "13852141"
},{
  "_id": {
    "$oid": "623da4f0457b0d15062ece35"
  },
  "symbol": "BTC",
  "type": "sell",
  "date": "1648117583",
  "amount": "0.01737982",
  "price": "43011.7",
  "tid": "13852140"
},{
  "_id": {
    "$oid": "623da4f0457b0d15062ece36"
  },
  "symbol": "BTC",
  "type": "buy",
  "date": "1648117578",
  "amount": "0.01391155",
  "price": "42997.5",
  "tid": "13852139"
},{
  "_id": {
    "$oid": "623da4f0457b0d15062ece37"
  },
  "symbol": "BTC",
  "type": "buy",
  "date": "1648117575",
  "amount": "0.00347000",
  "price": "42997.5",
  "tid": "13852138"
},{
  "_id": {
    "$oid": "623da4f0457b0d15062ece38"
  },
  "symbol": "BTC",
  "type": "buy",
  "date": "1648117520",
  "amount": "0.00347000",
  "price": "42995.8",
  "tid": "13852137"
},{
  "_id": {
    "$oid": "623da4f0457b0d15062ece39"
  },
  "symbol": "BTC",
  "type": "sell",
  "date": "1648117497",
  "amount": "0.03989126",
  "price": "42995.7",
  "tid": "13852136"
},{
  "_id": {
    "$oid": "623da4f0457b0d15062ece3a"
  },
  "symbol": "BTC",
  "type": "sell",
  "date": "1648117497",
  "amount": "0.00160874",
  "price": "42995.7",
  "tid": "13852135"
},{
  "_id": {
    "$oid": "623da4f0457b0d15062ece3b"
  },
  "symbol": "BTC",
  "type": "buy",
  "date": "1648117468",
  "amount": "0.00151309",
  "price": "42995.1",
  "tid": "13852134"
},{
  "_id": {
    "$oid": "623da4f0457b0d15062ece3c"
  },
  "symbol": "BTC",
  "type": "buy",
  "date": "1648117402",
  "amount": "0.01738379",
  "price": "42986.5",
  "tid": "13852133"
},{
  "_id": {
    "$oid": "623da4f0457b0d15062ece3d"
  },
  "symbol": "BTC",
  "type": "sell",
  "date": "1648117323",
  "amount": "0.00367089",
  "price": "42978",
  "tid": "13852132"
},{
  "_id": {
    "$oid": "623da4f0457b0d15062ece3e"
  },
  "symbol": "BTC",
  "type": "sell",
  "date": "1648117323",
  "amount": "0.00106592",
  "price": "42978",
  "tid": "13852131"
},{
  "_id": {
    "$oid": "623da4f0457b0d15062ece3f"
  },
  "symbol": "BTC",
  "type": "sell",
  "date": "1648117246",
  "amount": "0.00106395",
  "price": "42978",
  "tid": "13852130"
},{
  "_id": {
    "$oid": "623da4f0457b0d15062ece40"
  },
  "symbol": "BTC",
  "type": "sell",
  "date": "1648117123",
  "amount": "0.00894641",
  "price": "42982.2",
  "tid": "13852129"
},{
  "_id": {
    "$oid": "623da4f0457b0d15062ece41"
  },
  "symbol": "BTC",
  "type": "sell",
  "date": "1648117123",
  "amount": "0.00121256",
  "price": "42982.2",
  "tid": "13852128"
},{
  "_id": {
    "$oid": "623da4f0457b0d15062ece42"
  },
  "symbol": "BTC",
  "type": "sell",
  "date": "1648117083",
  "amount": "0.00340000",
  "price": "42983.9",
  "tid": "13852127"
},{
  "_id": {
    "$oid": "623da4f0457b0d15062ece43"
  },
  "symbol": "BTC",
  "type": "sell",
  "date": "1648117075",
  "amount": "0.00340000",
  "price": "42985.6",
  "tid": "13852126"
},{
  "_id": {
    "$oid": "623da4f0457b0d15062ece44"
  },
  "symbol": "BTC",
  "type": "sell",
  "date": "1648117041",
  "amount": "0.00175330",
  "price": "42985.1",
  "tid": "13852125"
},{
  "_id": {
    "$oid": "623da4f0457b0d15062ece45"
  },
  "symbol": "BTC",
  "type": "buy",
  "date": "1648117040",
  "amount": "0.00261363",
  "price": "42993.8",
  "tid": "13852124"
},{
  "_id": {
    "$oid": "623da4f0457b0d15062ece46"
  },
  "symbol": "BTC",
  "type": "sell",
  "date": "1648117026",
  "amount": "0.00100000",
  "price": "42985.6",
  "tid": "13852123"
},{
  "_id": {
    "$oid": "623da4f0457b0d15062ece47"
  },
  "symbol": "BTC",
  "type": "sell",
  "date": "1648116943",
  "amount": "0.00120000",
  "price": "42990.2",
  "tid": "13852122"
},{
  "_id": {
    "$oid": "623da4f0457b0d15062ece48"
  },
  "symbol": "BTC",
  "type": "sell",
  "date": "1648116941",
  "amount": "0.00120000",
  "price": "42990.2",
  "tid": "13852121"
},{
  "_id": {
    "$oid": "623da4f0457b0d15062ece49"
  },
  "symbol": "BTC",
  "type": "sell",
  "date": "1648116939",
  "amount": "0.00140000",
  "price": "42990.2",
  "tid": "13852120"
},{
  "_id": {
    "$oid": "623da4f0457b0d15062ece4a"
  },
  "symbol": "BTC",
  "type": "sell",
  "date": "1648116938",
  "amount": "0.00160000",
  "price": "42990.2",
  "tid": "13852119"
},{
  "_id": {
    "$oid": "623da4f0457b0d15062ece4b"
  },
  "symbol": "BTC",
  "type": "sell",
  "date": "1648116936",
  "amount": "0.00180000",
  "price": "42990.2",
  "tid": "13852118"
},{
  "_id": {
    "$oid": "623da4f0457b0d15062ece4c"
  },
  "symbol": "BTC",
  "type": "sell",
  "date": "1648116935",
  "amount": "0.00200000",
  "price": "42990.2",
  "tid": "13852117"
},{
  "_id": {
    "$oid": "623da4f0457b0d15062ece4d"
  },
  "symbol": "BTC",
  "type": "sell",
  "date": "1648116928",
  "amount": "0.00140000",
  "price": "42996.6",
  "tid": "13852116"
},{
  "_id": {
    "$oid": "623da4f0457b0d15062ece4e"
  },
  "symbol": "BTC",
  "type": "sell",
  "date": "1648116926",
  "amount": "0.00140000",
  "price": "42996.6",
  "tid": "13852115"
},{
  "_id": {
    "$oid": "623da4f0457b0d15062ece4f"
  },
  "symbol": "BTC",
  "type": "sell",
  "date": "1648116924",
  "amount": "0.00340000",
  "price": "42996.6",
  "tid": "13852114"
},{
  "_id": {
    "$oid": "623da4f0457b0d15062ece50"
  },
  "symbol": "BTC",
  "type": "sell",
  "date": "1648116923",
  "amount": "0.00140000",
  "price": "42996.6",
  "tid": "13852113"
},{
  "_id": {
    "$oid": "623da4f0457b0d15062ece51"
  },
  "symbol": "BTC",
  "type": "sell",
  "date": "1648116922",
  "amount": "0.00160000",
  "price": "42996.6",
  "tid": "13852112"
},{
  "_id": {
    "$oid": "623da4f0457b0d15062ece52"
  },
  "symbol": "BTC",
  "type": "sell",
  "date": "1648116920",
  "amount": "0.00180000",
  "price": "42996.6",
  "tid": "13852111"
},{
  "_id": {
    "$oid": "623da4f0457b0d15062ece53"
  },
  "symbol": "BTC",
  "type": "sell",
  "date": "1648116918",
  "amount": "0.00200000",
  "price": "42996.6",
  "tid": "13852110"
},{
  "_id": {
    "$oid": "623da4f0457b0d15062ece54"
  },
  "symbol": "BTC",
  "type": "sell",
  "date": "1648116913",
  "amount": "0.00070000",
  "price": "43003.6",
  "tid": "13852109"
},{
  "_id": {
    "$oid": "623da4f0457b0d15062ece55"
  },
  "symbol": "BTC",
  "type": "sell",
  "date": "1648116911",
  "amount": "0.00090000",
  "price": "43003.6",
  "tid": "13852108"
},{
  "_id": {
    "$oid": "623da4f0457b0d15062ece56"
  },
  "symbol": "BTC",
  "type": "sell",
  "date": "1648116911",
  "amount": "0.00210000",
  "price": "43003.6",
  "tid": "13852107"
},{
  "_id": {
    "$oid": "623da4f0457b0d15062ece57"
  },
  "symbol": "BTC",
  "type": "sell",
  "date": "1648116910",
  "amount": "0.00270000",
  "price": "43003.6",
  "tid": "13852106"
},{
  "_id": {
    "$oid": "623da4f0457b0d15062ece58"
  },
  "symbol": "BTC",
  "type": "sell",
  "date": "1648116909",
  "amount": "0.00130000",
  "price": "43003.6",
  "tid": "13852105"
},{
  "_id": {
    "$oid": "623da4f0457b0d15062ece59"
  },
  "symbol": "BTC",
  "type": "sell",
  "date": "1648116908",
  "amount": "0.00140000",
  "price": "43003.6",
  "tid": "13852104"
},{
  "_id": {
    "$oid": "623da4f0457b0d15062ece5a"
  },
  "symbol": "BTC",
  "type": "sell",
  "date": "1648116906",
  "amount": "0.00160000",
  "price": "43003.6",
  "tid": "13852103"
},{
  "_id": {
    "$oid": "623da4f0457b0d15062ece5b"
  },
  "symbol": "BTC",
  "type": "sell",
  "date": "1648116905",
  "amount": "0.00340000",
  "price": "43003.6",
  "tid": "13852102"
},{
  "_id": {
    "$oid": "623da4f0457b0d15062ece5c"
  },
  "symbol": "BTC",
  "type": "sell",
  "date": "1648116899",
  "amount": "0.00030000",
  "price": "43011.7",
  "tid": "13852101"
},{
  "_id": {
    "$oid": "623da4f0457b0d15062ece5d"
  },
  "symbol": "BTC",
  "type": "sell",
  "date": "1648116899",
  "amount": "0.00043500",
  "price": "43011.7",
  "tid": "13852100"
},{
  "_id": {
    "$oid": "623da4f0457b0d15062ece5e"
  },
  "symbol": "BTC",
  "type": "sell",
  "date": "1648116898",
  "amount": "0.00050000",
  "price": "43011.7",
  "tid": "13852099"
},{
  "_id": {
    "$oid": "623da4f0457b0d15062ece5f"
  },
  "symbol": "BTC",
  "type": "sell",
  "date": "1648116898",
  "amount": "0.00050000",
  "price": "43011.7",
  "tid": "13852098"
},{
  "_id": {
    "$oid": "623da4f0457b0d15062ece60"
  },
  "symbol": "BTC",
  "type": "sell",
  "date": "1648116896",
  "amount": "0.00130000",
  "price": "43011.7",
  "tid": "13852097"
},{
  "_id": {
    "$oid": "623da4f0457b0d15062ece61"
  },
  "symbol": "BTC",
  "type": "sell",
  "date": "1648116896",
  "amount": "0.00090000",
  "price": "43011.7",
  "tid": "13852096"
},{
  "_id": {
    "$oid": "623da4f0457b0d15062ece62"
  },
  "symbol": "BTC",
  "type": "sell",
  "date": "1648116895",
  "amount": "0.00210000",
  "price": "43011.7",
  "tid": "13852095"
},{
  "_id": {
    "$oid": "623da4f0457b0d15062ece63"
  },
  "symbol": "BTC",
  "type": "sell",
  "date": "1648116892",
  "amount": "0.00130000",
  "price": "43011.7",
  "tid": "13852094"
},{
  "_id": {
    "$oid": "623da4f0457b0d15062ece64"
  },
  "symbol": "BTC",
  "type": "sell",
  "date": "1648116892",
  "amount": "0.00270000",
  "price": "43011.7",
  "tid": "13852093"
},{
  "_id": {
    "$oid": "623da4f0457b0d15062ece65"
  },
  "symbol": "BTC",
  "type": "sell",
  "date": "1648116890",
  "amount": "0.00140000",
  "price": "43011.7",
  "tid": "13852092"
},{
  "_id": {
    "$oid": "623da4f0457b0d15062ece66"
  },
  "symbol": "BTC",
  "type": "sell",
  "date": "1648116889",
  "amount": "0.00160000",
  "price": "43011.7",
  "tid": "13852091"
},{
  "_id": {
    "$oid": "623da4f0457b0d15062ece67"
  },
  "symbol": "BTC",
  "type": "sell",
  "date": "1648116888",
  "amount": "0.00340000",
  "price": "43011.7",
  "tid": "13852090"
},{
  "_id": {
    "$oid": "623da4f0457b0d15062ece68"
  },
  "symbol": "BTC",
  "type": "sell",
  "date": "1648116872",
  "amount": "0.00194800",
  "price": "43017.1",
  "tid": "13852089"
},{
  "_id": {
    "$oid": "623da4f0457b0d15062ece69"
  },
  "symbol": "BTC",
  "type": "sell",
  "date": "1648116870",
  "amount": "0.00120000",
  "price": "43017.1",
  "tid": "13852088"
},{
  "_id": {
    "$oid": "623da4f0457b0d15062ece6a"
  },
  "symbol": "BTC",
  "type": "sell",
  "date": "1648116869",
  "amount": "0.00195875",
  "price": "43017.1",
  "tid": "13852087"
},{
  "_id": {
    "$oid": "623da4f0457b0d15062ece6b"
  },
  "symbol": "BTC",
  "type": "sell",
  "date": "1648116869",
  "amount": "0.00094125",
  "price": "43017.1",
  "tid": "13852086"
},{
  "_id": {
    "$oid": "623da4f0457b0d15062ece6c"
  },
  "symbol": "BTC",
  "type": "sell",
  "date": "1648116866",
  "amount": "0.00308000",
  "price": "43017.1",
  "tid": "13852085"
},{
  "_id": {
    "$oid": "623da4f0457b0d15062ece6d"
  },
  "symbol": "BTC",
  "type": "sell",
  "date": "1648116865",
  "amount": "0.00259204",
  "price": "43017.1",
  "tid": "13852084"
},{
  "_id": {
    "$oid": "623da4f0457b0d15062ece6e"
  },
  "symbol": "BTC",
  "type": "sell",
  "date": "1648116865",
  "amount": "0.00080796",
  "price": "43017.1",
  "tid": "13852083"
},{
  "_id": {
    "$oid": "623da4f0457b0d15062ece6f"
  },
  "symbol": "BTC",
  "type": "sell",
  "date": "1648116825",
  "amount": "0.00244888",
  "price": "43018.3",
  "tid": "13852082"
},{
  "_id": {
    "$oid": "623da4f0457b0d15062ece70"
  },
  "symbol": "BTC",
  "type": "buy",
  "date": "1648116773",
  "amount": "0.00695108",
  "price": "43023.5",
  "tid": "13852081"
},{
  "_id": {
    "$oid": "623da4f0457b0d15062ece71"
  },
  "symbol": "BTC",
  "type": "buy",
  "date": "1648116766",
  "amount": "0.00122000",
  "price": "43017.4",
  "tid": "13852080"
},{
  "_id": {
    "$oid": "623da4f0457b0d15062ece72"
  },
  "symbol": "BTC",
  "type": "buy",
  "date": "1648116764",
  "amount": "0.00153000",
  "price": "43017.4",
  "tid": "13852079"
},{
  "_id": {
    "$oid": "623da4f0457b0d15062ece73"
  },
  "symbol": "BTC",
  "type": "buy",
  "date": "1648116763",
  "amount": "0.00278000",
  "price": "43017.4",
  "tid": "13852078"
},{
  "_id": {
    "$oid": "623da4f0457b0d15062ece74"
  },
  "symbol": "BTC",
  "type": "buy",
  "date": "1648116763",
  "amount": "0.00347000",
  "price": "43017.4",
  "tid": "13852077"
},{
  "_id": {
    "$oid": "623da4f0457b0d15062ece75"
  },
  "symbol": "BTC",
  "type": "buy",
  "date": "1648116760",
  "amount": "0.00347500",
  "price": "43017.4",
  "tid": "13852076"
},{
  "_id": {
    "$oid": "623da4f0457b0d15062ece76"
  },
  "symbol": "BTC",
  "type": "sell",
  "date": "1648116632",
  "amount": "0.00050000",
  "price": "43016.8",
  "tid": "13852075"
},{
  "_id": {
    "$oid": "623da4f0457b0d15062ece77"
  },
  "symbol": "BTC",
  "type": "sell",
  "date": "1648116632",
  "amount": "0.00067400",
  "price": "43016.8",
  "tid": "13852074"
},{
  "_id": {
    "$oid": "623da4f0457b0d15062ece78"
  },
  "symbol": "BTC",
  "type": "sell",
  "date": "1648116632",
  "amount": "0.00052000",
  "price": "43016.8",
  "tid": "13852073"
},{
  "_id": {
    "$oid": "623da4f0457b0d15062ece79"
  },
  "symbol": "BTC",
  "type": "sell",
  "date": "1648116630",
  "amount": "0.00068000",
  "price": "43016.8",
  "tid": "13852072"
},{
  "_id": {
    "$oid": "623da4f0457b0d15062ece7a"
  },
  "symbol": "BTC",
  "type": "sell",
  "date": "1648116627",
  "amount": "0.00123000",
  "price": "43016.8",
  "tid": "13852071"
},{
  "_id": {
    "$oid": "623da4f0457b0d15062ece7b"
  },
  "symbol": "BTC",
  "type": "sell",
  "date": "1648116627",
  "amount": "0.00154000",
  "price": "43016.8",
  "tid": "13852070"
},{
  "_id": {
    "$oid": "623da4f0457b0d15062ece7c"
  },
  "symbol": "BTC",
  "type": "sell",
  "date": "1648116626",
  "amount": "0.00154500",
  "price": "43016.8",
  "tid": "13852069"
},{
  "_id": {
    "$oid": "623da4f0457b0d15062ece7d"
  },
  "symbol": "BTC",
  "type": "sell",
  "date": "1648116626",
  "amount": "0.00376000",
  "price": "43016.8",
  "tid": "13852068"
},{
  "_id": {
    "$oid": "623da4f0457b0d15062ece7e"
  },
  "symbol": "BTC",
  "type": "sell",
  "date": "1648116625",
  "amount": "0.00356700",
  "price": "43016.8",
  "tid": "13852067"
},{
  "_id": {
    "$oid": "623da4f0457b0d15062ece7f"
  },
  "symbol": "BTC",
  "type": "sell",
  "date": "1648116625",
  "amount": "0.00232250",
  "price": "43016.8",
  "tid": "13852066"
},{
  "_id": {
    "$oid": "623da4f0457b0d15062ece80"
  },
  "symbol": "BTC",
  "type": "sell",
  "date": "1648116625",
  "amount": "0.00143750",
  "price": "43016.8",
  "tid": "13852065"
},{
  "_id": {
    "$oid": "623da4f0457b0d15062ece81"
  },
  "symbol": "BTC",
  "type": "sell",
  "date": "1648116453",
  "amount": "0.01737765",
  "price": "43019",
  "tid": "13852064"
},{
  "_id": {
    "$oid": "623da4f0457b0d15062ece82"
  },
  "symbol": "BTC",
  "type": "buy",
  "date": "1648116449",
  "amount": "0.00142447",
  "price": "43036.4",
  "tid": "13852063"
},{
  "_id": {
    "$oid": "623da4f0457b0d15062ece83"
  },
  "symbol": "BTC",
  "type": "buy",
  "date": "1648116449",
  "amount": "0.00205053",
  "price": "43007.5",
  "tid": "13852062"
},{
  "_id": {
    "$oid": "623da4f0457b0d15062ece84"
  },
  "symbol": "BTC",
  "type": "buy",
  "date": "1648116449",
  "amount": "0.00340000",
  "price": "43007.5",
  "tid": "13852061"
},{
  "_id": {
    "$oid": "623da4f0457b0d15062ece85"
  },
  "symbol": "BTC",
  "type": "buy",
  "date": "1648116449",
  "amount": "0.00346900",
  "price": "43007.5",
  "tid": "13852060"
},{
  "_id": {
    "$oid": "623da4f0457b0d15062ece86"
  },
  "symbol": "BTC",
  "type": "buy",
  "date": "1648116449",
  "amount": "0.00222000",
  "price": "43007.5",
  "tid": "13852059"
},{
  "_id": {
    "$oid": "623da4f0457b0d15062ece87"
  },
  "symbol": "BTC",
  "type": "buy",
  "date": "1648116446",
  "amount": "0.00278000",
  "price": "43007.5",
  "tid": "13852058"
},{
  "_id": {
    "$oid": "623da4f0457b0d15062ece88"
  },
  "symbol": "BTC",
  "type": "buy",
  "date": "1648116444",
  "amount": "0.00346000",
  "price": "43007.5",
  "tid": "13852057"
},{
  "_id": {
    "$oid": "623da4f0457b0d15062ece89"
  },
  "symbol": "BTC",
  "type": "buy",
  "date": "1648116435",
  "amount": "0.00347600",
  "price": "42999.3",
  "tid": "13852056"
},{
  "_id": {
    "$oid": "623da4f0457b0d15062ece8a"
  },
  "symbol": "BTC",
  "type": "buy",
  "date": "1648116435",
  "amount": "0.00210000",
  "price": "42999.3",
  "tid": "13852055"
},{
  "_id": {
    "$oid": "623da4f0457b0d15062ece8b"
  },
  "symbol": "BTC",
  "type": "buy",
  "date": "1648116434",
  "amount": "0.00155000",
  "price": "42999.3",
  "tid": "13852054"
},{
  "_id": {
    "$oid": "623da4f0457b0d15062ece8c"
  },
  "symbol": "BTC",
  "type": "buy",
  "date": "1648116433",
  "amount": "0.00277000",
  "price": "42999.3",
  "tid": "13852053"
},{
  "_id": {
    "$oid": "623da4f0457b0d15062ece8d"
  },
  "symbol": "BTC",
  "type": "buy",
  "date": "1648116432",
  "amount": "0.00340000",
  "price": "42999.3",
  "tid": "13852052"
},{
  "_id": {
    "$oid": "623da4f0457b0d15062ece8e"
  },
  "symbol": "BTC",
  "type": "buy",
  "date": "1648116431",
  "amount": "0.00346000",
  "price": "42999.3",
  "tid": "13852051"
},{
  "_id": {
    "$oid": "623da4f0457b0d15062ece8f"
  },
  "symbol": "BTC",
  "type": "buy",
  "date": "1648116373",
  "amount": "0.00115980",
  "price": "42998.7",
  "tid": "13852050"
},{
  "_id": {
    "$oid": "623da4f0457b0d15062ece90"
  },
  "symbol": "BTC",
  "type": "buy",
  "date": "1648116315",
  "amount": "0.01738132",
  "price": "42979.8",
  "tid": "13852049"
},{
  "_id": {
    "$oid": "623da4f0457b0d15062ece91"
  },
  "symbol": "BTC",
  "type": "sell",
  "date": "1648116295",
  "amount": "0.00275000",
  "price": "42979.7",
  "tid": "13852048"
},{
  "_id": {
    "$oid": "623da4f0457b0d15062ece92"
  },
  "symbol": "BTC",
  "type": "buy",
  "date": "1648116291",
  "amount": "0.00574835",
  "price": "42988.4",
  "tid": "13852047"
},{
  "_id": {
    "$oid": "623da4f0457b0d15062ece93"
  },
  "symbol": "BTC",
  "type": "buy",
  "date": "1648116291",
  "amount": "0.01163096",
  "price": "42988.4",
  "tid": "13852046"
},{
  "_id": {
    "$oid": "623da4f0457b0d15062ece94"
  },
  "symbol": "BTC",
  "type": "sell",
  "date": "1648116286",
  "amount": "0.00004430",
  "price": "42988.3",
  "tid": "13852045"
},{
  "_id": {
    "$oid": "623da4f0457b0d15062ece95"
  },
  "symbol": "BTC",
  "type": "sell",
  "date": "1648116286",
  "amount": "0.00035570",
  "price": "42988.6",
  "tid": "13852044"
},{
  "_id": {
    "$oid": "623da4f0457b0d15062ece96"
  },
  "symbol": "BTC",
  "type": "buy",
  "date": "1648116280",
  "amount": "0.00096188",
  "price": "42988.7",
  "tid": "13852043"
},{
  "_id": {
    "$oid": "623da4f0457b0d15062ece97"
  },
  "symbol": "BTC",
  "type": "sell",
  "date": "1648116273",
  "amount": "0.00707757",
  "price": "43017.2",
  "tid": "13852042"
},{
  "_id": {
    "$oid": "623da4f0457b0d15062ece98"
  },
  "symbol": "BTC",
  "type": "sell",
  "date": "1648116273",
  "amount": "0.00340000",
  "price": "43017.2",
  "tid": "13852041"
},{
  "_id": {
    "$oid": "623da4f0457b0d15062ece99"
  },
  "symbol": "BTC",
  "type": "sell",
  "date": "1648116273",
  "amount": "0.00340000",
  "price": "43017.2",
  "tid": "13852040"
},{
  "_id": {
    "$oid": "623da4f0457b0d15062ece9a"
  },
  "symbol": "BTC",
  "type": "sell",
  "date": "1648116271",
  "amount": "0.00200000",
  "price": "43017.2",
  "tid": "13852039"
},{
  "_id": {
    "$oid": "623da4f0457b0d15062ece9b"
  },
  "symbol": "BTC",
  "type": "sell",
  "date": "1648116271",
  "amount": "0.00150000",
  "price": "43017.2",
  "tid": "13852038"
},{
  "_id": {
    "$oid": "623da4f0457b0d15062ece9c"
  },
  "symbol": "BTC",
  "type": "sell",
  "date": "1648116267",
  "amount": "0.00180000",
  "price": "43022",
  "tid": "13852037"
},{
  "_id": {
    "$oid": "623da4f0457b0d15062ece9d"
  },
  "symbol": "BTC",
  "type": "sell",
  "date": "1648116266",
  "amount": "0.00117100",
  "price": "43022",
  "tid": "13852036"
},{
  "_id": {
    "$oid": "623da4f0457b0d15062ece9e"
  },
  "symbol": "BTC",
  "type": "sell",
  "date": "1648116266",
  "amount": "0.00340000",
  "price": "43022",
  "tid": "13852035"
},{
  "_id": {
    "$oid": "623da4f0457b0d15062ece9f"
  },
  "symbol": "BTC",
  "type": "sell",
  "date": "1648116266",
  "amount": "0.00347000",
  "price": "43022",
  "tid": "13852034"
},{
  "_id": {
    "$oid": "623da4f0457b0d15062ecea0"
  },
  "symbol": "BTC",
  "type": "sell",
  "date": "1648116194",
  "amount": "0.00270000",
  "price": "43026.8",
  "tid": "13852033"
},{
  "_id": {
    "$oid": "623da4f0457b0d15062ecea1"
  },
  "symbol": "BTC",
  "type": "sell",
  "date": "1648116194",
  "amount": "0.00347500",
  "price": "43026.8",
  "tid": "13852032"
},{
  "_id": {
    "$oid": "623da4f0457b0d15062ecea2"
  },
  "symbol": "BTC",
  "type": "sell",
  "date": "1648116192",
  "amount": "0.00340000",
  "price": "43026.8",
  "tid": "13852031"
},{
  "_id": {
    "$oid": "623da4f0457b0d15062ecea3"
  },
  "symbol": "BTC",
  "type": "sell",
  "date": "1648116129",
  "amount": "0.00220000",
  "price": "43030.9",
  "tid": "13852030"
},{
  "_id": {
    "$oid": "623da4f0457b0d15062ecea4"
  },
  "symbol": "BTC",
  "type": "sell",
  "date": "1648116128",
  "amount": "0.00270000",
  "price": "43030.9",
  "tid": "13852029"
},{
  "_id": {
    "$oid": "623da4f0457b0d15062ecea5"
  },
  "symbol": "BTC",
  "type": "sell",
  "date": "1648116126",
  "amount": "0.00340000",
  "price": "43030.9",
  "tid": "13852028"
},{
  "_id": {
    "$oid": "623da4f0457b0d15062ecea6"
  },
  "symbol": "BTC",
  "type": "sell",
  "date": "1648116077",
  "amount": "0.00278000",
  "price": "43034",
  "tid": "13852027"
},{
  "_id": {
    "$oid": "623da4f0457b0d15062ecea7"
  },
  "symbol": "BTC",
  "type": "sell",
  "date": "1648116075",
  "amount": "0.00347000",
  "price": "43034",
  "tid": "13852026"
},{
  "_id": {
    "$oid": "623da4f0457b0d15062ecea8"
  },
  "symbol": "BTC",
  "type": "sell",
  "date": "1648116058",
  "amount": "0.00032000",
  "price": "43042.4",
  "tid": "13852025"
},{
  "_id": {
    "$oid": "623da4f0457b0d15062ecea9"
  },
  "symbol": "BTC",
  "type": "sell",
  "date": "1648116058",
  "amount": "0.00095900",
  "price": "43042.4",
  "tid": "13852024"
},{
  "_id": {
    "$oid": "623da4f0457b0d15062eceaa"
  },
  "symbol": "BTC",
  "type": "sell",
  "date": "1648116057",
  "amount": "0.00340000",
  "price": "43042.4",
  "tid": "13852023"
},{
  "_id": {
    "$oid": "623da4f0457b0d15062eceab"
  },
  "symbol": "BTC",
  "type": "sell",
  "date": "1648116057",
  "amount": "0.00125400",
  "price": "43042.4",
  "tid": "13852022"
},{
  "_id": {
    "$oid": "623da4f0457b0d15062eceac"
  },
  "symbol": "BTC",
  "type": "sell",
  "date": "1648116056",
  "amount": "0.00207000",
  "price": "43042.4",
  "tid": "13852021"
},{
  "_id": {
    "$oid": "623da4f0457b0d15062ecead"
  },
  "symbol": "BTC",
  "type": "sell",
  "date": "1648116056",
  "amount": "0.00208500",
  "price": "43042.4",
  "tid": "13852020"
},{
  "_id": {
    "$oid": "623da4f0457b0d15062eceae"
  },
  "symbol": "BTC",
  "type": "sell",
  "date": "1648116054",
  "amount": "0.00347000",
  "price": "43042.4",
  "tid": "13852019"
},{
  "_id": {
    "$oid": "623da4f0457b0d15062eceaf"
  },
  "symbol": "BTC",
  "type": "sell",
  "date": "1648116054",
  "amount": "0.00347400",
  "price": "43042.4",
  "tid": "13852018"
},{
  "_id": {
    "$oid": "623da4f0457b0d15062eceb0"
  },
  "symbol": "BTC",
  "type": "sell",
  "date": "1648116043",
  "amount": "0.00054000",
  "price": "43050.7",
  "tid": "13852017"
},{
  "_id": {
    "$oid": "623da4f0457b0d15062eceb1"
  },
  "symbol": "BTC",
  "type": "sell",
  "date": "1648116043",
  "amount": "0.00153000",
  "price": "43050.7",
  "tid": "13852016"
},{
  "_id": {
    "$oid": "623da4f0457b0d15062eceb2"
  },
  "symbol": "BTC",
  "type": "sell",
  "date": "1648116042",
  "amount": "0.00340000",
  "price": "43050.7",
  "tid": "13852015"
},{
  "_id": {
    "$oid": "623da4f0457b0d15062eceb3"
  },
  "symbol": "BTC",
  "type": "sell",
  "date": "1648116042",
  "amount": "0.00153100",
  "price": "43050.7",
  "tid": "13852014"
},{
  "_id": {
    "$oid": "623da4f0457b0d15062eceb4"
  },
  "symbol": "BTC",
  "type": "sell",
  "date": "1648116041",
  "amount": "0.00278000",
  "price": "43050.7",
  "tid": "13852013"
},{
  "_id": {
    "$oid": "623da4f0457b0d15062eceb5"
  },
  "symbol": "BTC",
  "type": "sell",
  "date": "1648116041",
  "amount": "0.00347400",
  "price": "43050.7",
  "tid": "13852012"
},{
  "_id": {
    "$oid": "623da4f0457b0d15062eceb6"
  },
  "symbol": "BTC",
  "type": "sell",
  "date": "1648116040",
  "amount": "0.00346000",
  "price": "43050.7",
  "tid": "13852011"
},{
  "_id": {
    "$oid": "623da4f0457b0d15062eceb7"
  },
  "symbol": "BTC",
  "type": "sell",
  "date": "1648116034",
  "amount": "0.00050000",
  "price": "43058.9",
  "tid": "13852010"
},{
  "_id": {
    "$oid": "623da4f0457b0d15062eceb8"
  },
  "symbol": "BTC",
  "type": "sell",
  "date": "1648116032",
  "amount": "0.00035500",
  "price": "43058.9",
  "tid": "13852009"
},{
  "_id": {
    "$oid": "623da4f0457b0d15062eceb9"
  },
  "symbol": "BTC",
  "type": "sell",
  "date": "1648116031",
  "amount": "0.00044400",
  "price": "43058.9",
  "tid": "13852008"
},{
  "_id": {
    "$oid": "623da4f0457b0d15062eceba"
  },
  "symbol": "BTC",
  "type": "sell",
  "date": "1648116030",
  "amount": "0.00055000",
  "price": "43058.9",
  "tid": "13852007"
},{
  "_id": {
    "$oid": "623da4f0457b0d15062ecebb"
  },
  "symbol": "BTC",
  "type": "sell",
  "date": "1648116028",
  "amount": "0.00130000",
  "price": "43058.9",
  "tid": "13852006"
},{
  "_id": {
    "$oid": "623da4f0457b0d15062ecebc"
  },
  "symbol": "BTC",
  "type": "sell",
  "date": "1648116028",
  "amount": "0.00134500",
  "price": "43058.9",
  "tid": "13852005"
},{
  "_id": {
    "$oid": "623da4f0457b0d15062ecebd"
  },
  "symbol": "BTC",
  "type": "sell",
  "date": "1648116028",
  "amount": "0.00134000",
  "price": "43058.9",
  "tid": "13852004"
},{
  "_id": {
    "$oid": "623da4f0457b0d15062ecebe"
  },
  "symbol": "BTC",
  "type": "sell",
  "date": "1648116027",
  "amount": "0.00340000",
  "price": "43058.9",
  "tid": "13852003"
},{
  "_id": {
    "$oid": "623da4f0457b0d15062ecebf"
  },
  "symbol": "BTC",
  "type": "sell",
  "date": "1648116027",
  "amount": "0.00347300",
  "price": "43058.9",
  "tid": "13852002"
},{
  "_id": {
    "$oid": "623da4f0457b0d15062ecec0"
  },
  "symbol": "BTC",
  "type": "sell",
  "date": "1648116027",
  "amount": "0.00347000",
  "price": "43058.9",
  "tid": "13852001"
},{
  "_id": {
    "$oid": "623da4f0457b0d15062ecec1"
  },
  "symbol": "BTC",
  "type": "sell",
  "date": "1648116025",
  "amount": "0.00026922",
  "price": "43058.9",
  "tid": "13852000"
},{
  "_id": {
    "$oid": "623da4f0457b0d15062ecec2"
  },
  "symbol": "BTC",
  "type": "sell",
  "date": "1648116019",
  "amount": "0.00232200",
  "price": "43066.9",
  "tid": "13851999"
},{
  "_id": {
    "$oid": "623da4f0457b0d15062ecec3"
  },
  "symbol": "BTC",
  "type": "sell",
  "date": "1648116019",
  "amount": "0.00154600",
  "price": "43066.9",
  "tid": "13851998"
},{
  "_id": {
    "$oid": "623da4f0457b0d15062ecec4"
  },
  "symbol": "BTC",
  "type": "sell",
  "date": "1648116019",
  "amount": "0.00277000",
  "price": "43066.9",
  "tid": "13851997"
},{
  "_id": {
    "$oid": "623da4f0457b0d15062ecec5"
  },
  "symbol": "BTC",
  "type": "sell",
  "date": "1648116018",
  "amount": "0.00270000",
  "price": "43066.9",
  "tid": "13851996"
},{
  "_id": {
    "$oid": "623da4f0457b0d15062ecec6"
  },
  "symbol": "BTC",
  "type": "sell",
  "date": "1648116018",
  "amount": "0.00347300",
  "price": "43066.9",
  "tid": "13851995"
},{
  "_id": {
    "$oid": "623da4f0457b0d15062ecec7"
  },
  "symbol": "BTC",
  "type": "sell",
  "date": "1648116017",
  "amount": "0.00346000",
  "price": "43066.9",
  "tid": "13851994"
},{
  "_id": {
    "$oid": "623da4f0457b0d15062ecec8"
  },
  "symbol": "BTC",
  "type": "buy",
  "date": "1648115993",
  "amount": "0.00020541",
  "price": "43067",
  "tid": "13851993"
},{
  "_id": {
    "$oid": "623da4f0457b0d15062ecec9"
  },
  "symbol": "BTC",
  "type": "sell",
  "date": "1648115979",
  "amount": "0.00236896",
  "price": "43068.1",
  "tid": "13851992"
},{
  "_id": {
    "$oid": "623da4f0457b0d15062ececa"
  },
  "symbol": "BTC",
  "type": "sell",
  "date": "1648115966",
  "amount": "0.00277000",
  "price": "43072.9",
  "tid": "13851991"
},{
  "_id": {
    "$oid": "623da4f0457b0d15062ececb"
  },
  "symbol": "BTC",
  "type": "sell",
  "date": "1648115964",
  "amount": "0.00340000",
  "price": "43072.9",
  "tid": "13851990"
},{
  "_id": {
    "$oid": "623da4f0457b0d15062ececc"
  },
  "symbol": "BTC",
  "type": "sell",
  "date": "1648115963",
  "amount": "0.00347000",
  "price": "43072.9",
  "tid": "13851989"
},{
  "_id": {
    "$oid": "623da4f0457b0d15062ececd"
  },
  "symbol": "BTC",
  "type": "sell",
  "date": "1648115930",
  "amount": "0.00060000",
  "price": "43081.4",
  "tid": "13851988"
},{
  "_id": {
    "$oid": "623da4f0457b0d15062ecece"
  },
  "symbol": "BTC",
  "type": "sell",
  "date": "1648115930",
  "amount": "0.00114000",
  "price": "43081.4",
  "tid": "13851987"
},{
  "_id": {
    "$oid": "623da4f0457b0d15062ececf"
  },
  "symbol": "BTC",
  "type": "sell",
  "date": "1648115930",
  "amount": "0.00114400",
  "price": "43081.4",
  "tid": "13851986"
},{
  "_id": {
    "$oid": "623da4f0457b0d15062eced0"
  },
  "symbol": "BTC",
  "type": "sell",
  "date": "1648115930",
  "amount": "0.00270000",
  "price": "43081.4",
  "tid": "13851985"
},{
  "_id": {
    "$oid": "623da4f0457b0d15062eced1"
  },
  "symbol": "BTC",
  "type": "sell",
  "date": "1648115929",
  "amount": "0.00141000",
  "price": "43081.4",
  "tid": "13851984"
},{
  "_id": {
    "$oid": "623da4f0457b0d15062eced2"
  },
  "symbol": "BTC",
  "type": "sell",
  "date": "1648115928",
  "amount": "0.00263000",
  "price": "43081.4",
  "tid": "13851983"
},{
  "_id": {
    "$oid": "623da4f0457b0d15062eced3"
  },
  "symbol": "BTC",
  "type": "sell",
  "date": "1648115928",
  "amount": "0.00347200",
  "price": "43081.4",
  "tid": "13851982"
},{
  "_id": {
    "$oid": "623da4f0457b0d15062eced4"
  },
  "symbol": "BTC",
  "type": "sell",
  "date": "1648115926",
  "amount": "0.00073000",
  "price": "43081.4",
  "tid": "13851981"
},{
  "_id": {
    "$oid": "623da4f0457b0d15062eced5"
  },
  "symbol": "BTC",
  "type": "sell",
  "date": "1648115924",
  "amount": "0.00340000",
  "price": "43081.4",
  "tid": "13851980"
},{
  "_id": {
    "$oid": "623da4f0457b0d15062eced6"
  },
  "symbol": "BTC",
  "type": "sell",
  "date": "1648115830",
  "amount": "0.01736460",
  "price": "43096.1",
  "tid": "13851979"
},{
  "_id": {
    "$oid": "623da4f0457b0d15062eced7"
  },
  "symbol": "BTC",
  "type": "buy",
  "date": "1648115825",
  "amount": "0.00247653",
  "price": "43100.6",
  "tid": "13851978"
},{
  "_id": {
    "$oid": "623da4f0457b0d15062eced8"
  },
  "symbol": "BTC",
  "type": "sell",
  "date": "1648115820",
  "amount": "0.01736658",
  "price": "43088.8",
  "tid": "13851977"
},{
  "_id": {
    "$oid": "623da4f0457b0d15062eced9"
  },
  "symbol": "BTC",
  "type": "sell",
  "date": "1648115798",
  "amount": "0.00048498",
  "price": "43091.9",
  "tid": "13851976"
},{
  "_id": {
    "$oid": "623da4f0457b0d15062eceda"
  },
  "symbol": "BTC",
  "type": "sell",
  "date": "1648115795",
  "amount": "0.01736832",
  "price": "43076.90000000",
  "tid": "13851975"
},{
  "_id": {
    "$oid": "623da4f0457b0d15062ecedb"
  },
  "symbol": "BTC",
  "type": "buy",
  "date": "1648115790",
  "amount": "0.00460000",
  "price": "43081.10000000",
  "tid": "13851974"
},{
  "_id": {
    "$oid": "623da4f0457b0d15062ecedc"
  },
  "symbol": "BTC",
  "type": "buy",
  "date": "1648115783",
  "amount": "0.00044900",
  "price": "43072.30000000",
  "tid": "13851973"
},{
  "_id": {
    "$oid": "623da4f0457b0d15062ecedd"
  },
  "symbol": "BTC",
  "type": "buy",
  "date": "1648115782",
  "amount": "0.00056100",
  "price": "43072.30000000",
  "tid": "13851972"
},{
  "_id": {
    "$oid": "623da4f0457b0d15062ecede"
  },
  "symbol": "BTC",
  "type": "sell",
  "date": "1648115780",
  "amount": "0.01737052",
  "price": "43072.20000000",
  "tid": "13851971"
},{
  "_id": {
    "$oid": "623da4f0457b0d15062ecedf"
  },
  "symbol": "BTC",
  "type": "sell",
  "date": "1648115755",
  "amount": "0.01737226",
  "price": "43051.70000000",
  "tid": "13851970"
},{
  "_id": {
    "$oid": "623da4f0457b0d15062ecee0"
  },
  "symbol": "BTC",
  "type": "buy",
  "date": "1648115746",
  "amount": "0.00216001",
  "price": "43035.00000000",
  "tid": "13851969"
},{
  "_id": {
    "$oid": "623da4f0457b0d15062ecee1"
  },
  "symbol": "BTC",
  "type": "buy",
  "date": "1648115746",
  "amount": "0.01033999",
  "price": "43035.00000000",
  "tid": "13851968"
},{
  "_id": {
    "$oid": "623da4f0457b0d15062ecee2"
  },
  "symbol": "BTC",
  "type": "buy",
  "date": "1648115746",
  "amount": "0.00312600",
  "price": "43035.00000000",
  "tid": "13851967"
},{
  "_id": {
    "$oid": "623da4f0457b0d15062ecee3"
  },
  "symbol": "BTC",
  "type": "buy",
  "date": "1648115744",
  "amount": "0.00390800",
  "price": "43035.00000000",
  "tid": "13851966"
},{
  "_id": {
    "$oid": "623da4f0457b0d15062ecee4"
  },
  "symbol": "BTC",
  "type": "buy",
  "date": "1648115733",
  "amount": "0.00210000",
  "price": "43028.40000000",
  "tid": "13851965"
},{
  "_id": {
    "$oid": "623da4f0457b0d15062ecee5"
  },
  "symbol": "BTC",
  "type": "buy",
  "date": "1648115731",
  "amount": "0.00210000",
  "price": "43028.40000000",
  "tid": "13851964"
},{
  "_id": {
    "$oid": "623da4f0457b0d15062ecee6"
  },
  "symbol": "BTC",
  "type": "buy",
  "date": "1648115730",
  "amount": "0.00208000",
  "price": "43028.40000000",
  "tid": "13851963"
},{
  "_id": {
    "$oid": "623da4f0457b0d15062ecee7"
  },
  "symbol": "BTC",
  "type": "buy",
  "date": "1648115727",
  "amount": "0.00347500",
  "price": "43028.40000000",
  "tid": "13851962"
},{
  "_id": {
    "$oid": "623da4f0457b0d15062ecee8"
  },
  "symbol": "BTC",
  "type": "buy",
  "date": "1648115727",
  "amount": "0.00347000",
  "price": "43028.40000000",
  "tid": "13851961"
},{
  "_id": {
    "$oid": "623da4f0457b0d15062ecee9"
  },
  "symbol": "BTC",
  "type": "buy",
  "date": "1648115704",
  "amount": "0.00167000",
  "price": "43023.10000000",
  "tid": "13851960"
},{
  "_id": {
    "$oid": "623da4f0457b0d15062eceea"
  },
  "symbol": "BTC",
  "type": "buy",
  "date": "1648115698",
  "amount": "0.00208000",
  "price": "43023.10000000",
  "tid": "13851959"
},{
  "_id": {
    "$oid": "623da4f0457b0d15062eceeb"
  },
  "symbol": "BTC",
  "type": "buy",
  "date": "1648115697",
  "amount": "0.00347000",
  "price": "43023.10000000",
  "tid": "13851958"
},{
  "_id": {
    "$oid": "623da4f0457b0d15062eceec"
  },
  "symbol": "BTC",
  "type": "buy",
  "date": "1648115697",
  "amount": "0.00347500",
  "price": "43023.10000000",
  "tid": "13851957"
},{
  "_id": {
    "$oid": "623da4f0457b0d15062eceed"
  },
  "symbol": "BTC",
  "type": "buy",
  "date": "1648115594",
  "amount": "0.01150889",
  "price": "43015.60000000",
  "tid": "13851956"
},{
  "_id": {
    "$oid": "623da4f0457b0d15062eceee"
  },
  "symbol": "BTC",
  "type": "buy",
  "date": "1648115594",
  "amount": "0.00209903",
  "price": "43015.50000000",
  "tid": "13851955"
},{
  "_id": {
    "$oid": "623da4f0457b0d15062eceef"
  },
  "symbol": "BTC",
  "type": "buy",
  "date": "1648115574",
  "amount": "0.00029999",
  "price": "43015.60000000",
  "tid": "13851954"
},{
  "_id": {
    "$oid": "623da4f0457b0d15062ecef0"
  },
  "symbol": "BTC",
  "type": "buy",
  "date": "1648115574",
  "amount": "0.00347000",
  "price": "43015.60000000",
  "tid": "13851953"
},{
  "_id": {
    "$oid": "623da4f0457b0d15062ecef1"
  },
  "symbol": "BTC",
  "type": "buy",
  "date": "1648115566",
  "amount": "0.00340000",
  "price": "43001.30000000",
  "tid": "13851952"
},{
  "_id": {
    "$oid": "623da4f0457b0d15062ecef2"
  },
  "symbol": "BTC",
  "type": "buy",
  "date": "1648115565",
  "amount": "0.06631538",
  "price": "43001.30000000",
  "tid": "13851951"
},{
  "_id": {
    "$oid": "623da4f0457b0d15062ecef3"
  },
  "symbol": "BTC",
  "type": "buy",
  "date": "1648115565",
  "amount": "0.01368462",
  "price": "42972.50000000",
  "tid": "13851950"
},{
  "_id": {
    "$oid": "623da4f0457b0d15062ecef4"
  },
  "symbol": "BTC",
  "type": "buy",
  "date": "1648115565",
  "amount": "0.00023200",
  "price": "42972.50000000",
  "tid": "13851949"
},{
  "_id": {
    "$oid": "623da4f0457b0d15062ecef5"
  },
  "symbol": "BTC",
  "type": "buy",
  "date": "1648115565",
  "amount": "0.00347000",
  "price": "42972.50000000",
  "tid": "13851948"
},{
  "_id": {
    "$oid": "623da4f0457b0d15062ecef6"
  },
  "symbol": "BTC",
  "type": "buy",
  "date": "1648115555",
  "amount": "0.00434770",
  "price": "42990.50000000",
  "tid": "13851947"
},{
  "_id": {
    "$oid": "623da4f0457b0d15062ecef7"
  },
  "symbol": "BTC",
  "type": "buy",
  "date": "1648115553",
  "amount": "0.01738880",
  "price": "42961.70000000",
  "tid": "13851946"
},{
  "_id": {
    "$oid": "623da4f0457b0d15062ecef8"
  },
  "symbol": "BTC",
  "type": "buy",
  "date": "1648115545",
  "amount": "0.00175774",
  "price": "42953.10000000",
  "tid": "13851945"
},{
  "_id": {
    "$oid": "623da4f0457b0d15062ecef9"
  },
  "symbol": "BTC",
  "type": "buy",
  "date": "1648115545",
  "amount": "0.01739054",
  "price": "42953.10000000",
  "tid": "13851944"
},{
  "_id": {
    "$oid": "623da4f0457b0d15062ecefa"
  },
  "symbol": "BTC",
  "type": "sell",
  "date": "1648115530",
  "amount": "0.00340000",
  "price": "42946.10000000",
  "tid": "13851943"
},{
  "_id": {
    "$oid": "623da4f0457b0d15062ecefb"
  },
  "symbol": "BTC",
  "type": "buy",
  "date": "1648115509",
  "amount": "0.00276400",
  "price": "42951.70000000",
  "tid": "13851942"
},{
  "_id": {
    "$oid": "623da4f0457b0d15062ecefc"
  },
  "symbol": "BTC",
  "type": "sell",
  "date": "1648115468",
  "amount": "0.07449878",
  "price": "42946.30000000",
  "tid": "13851941"
},{
  "_id": {
    "$oid": "623da4f0457b0d15062ecefd"
  },
  "symbol": "BTC",
  "type": "sell",
  "date": "1648115406",
  "amount": "0.00009617",
  "price": "42923.90000000",
  "tid": "13851940"
},{
  "_id": {
    "$oid": "623da4f0457b0d15062ecefe"
  },
  "symbol": "BTC",
  "type": "sell",
  "date": "1648115406",
  "amount": "0.01739100",
  "price": "42950.80000000",
  "tid": "13851939"
},{
  "_id": {
    "$oid": "623da4f0457b0d15062eceff"
  },
  "symbol": "BTC",
  "type": "buy",
  "date": "1648115395",
  "amount": "0.00799007",
  "price": "42959.50000000",
  "tid": "13851938"
},{
  "_id": {
    "$oid": "623da4f0457b0d15062ecf00"
  },
  "symbol": "BTC",
  "type": "sell",
  "date": "1648115374",
  "amount": "0.02836917",
  "price": "42944.60000000",
  "tid": "13851937"
},{
  "_id": {
    "$oid": "623da4f0457b0d15062ecf01"
  },
  "symbol": "BTC",
  "type": "sell",
  "date": "1648115374",
  "amount": "0.01738642",
  "price": "42973.40000000",
  "tid": "13851936"
},{
  "_id": {
    "$oid": "623da4f0457b0d15062ecf02"
  },
  "symbol": "BTC",
  "type": "sell",
  "date": "1648115369",
  "amount": "0.08000000",
  "price": "42960.80000000",
  "tid": "13851935"
},{
  "_id": {
    "$oid": "623da4f0457b0d15062ecf03"
  },
  "symbol": "BTC",
  "type": "buy",
  "date": "1648115369",
  "amount": "0.00425506",
  "price": "42973.70000000",
  "tid": "13851934"
},{
  "_id": {
    "$oid": "623da4f0457b0d15062ecf04"
  },
  "symbol": "BTC",
  "type": "sell",
  "date": "1648115366",
  "amount": "0.05130818",
  "price": "42960.60000000",
  "tid": "13851933"
},{
  "_id": {
    "$oid": "623da4f0457b0d15062ecf05"
  },
  "symbol": "BTC",
  "type": "sell",
  "date": "1648115366",
  "amount": "0.02260344",
  "price": "42960.60000000",
  "tid": "13851932"
},{
  "_id": {
    "$oid": "623da4f0457b0d15062ecf06"
  },
  "symbol": "BTC",
  "type": "sell",
  "date": "1648115366",
  "amount": "0.00608838",
  "price": "43002.20000000",
  "tid": "13851931"
},{
  "_id": {
    "$oid": "623da4f0457b0d15062ecf07"
  },
  "symbol": "BTC",
  "type": "sell",
  "date": "1648115366",
  "amount": "0.00152200",
  "price": "43002.20000000",
  "tid": "13851930"
},{
  "_id": {
    "$oid": "623da4f0457b0d15062ecf08"
  },
  "symbol": "BTC",
  "type": "sell",
  "date": "1648115363",
  "amount": "0.00264000",
  "price": "43002.20000000",
  "tid": "13851929"
},{
  "_id": {
    "$oid": "623da4f0457b0d15062ecf09"
  },
  "symbol": "BTC",
  "type": "sell",
  "date": "1648115363",
  "amount": "0.08000000",
  "price": "43002.20000000",
  "tid": "13851928"
},{
  "_id": {
    "$oid": "623da4f0457b0d15062ecf0a"
  },
  "symbol": "BTC",
  "type": "sell",
  "date": "1648115362",
  "amount": "0.00320000",
  "price": "43002.20000000",
  "tid": "13851927"
},{
  "_id": {
    "$oid": "623da4f0457b0d15062ecf0b"
  },
  "symbol": "BTC",
  "type": "sell",
  "date": "1648115362",
  "amount": "0.00565223",
  "price": "43002.20000000",
  "tid": "13851926"
},{
  "_id": {
    "$oid": "623da4f0457b0d15062ecf0c"
  },
  "symbol": "BTC",
  "type": "sell",
  "date": "1648115362",
  "amount": "0.00024977",
  "price": "43031.00000000",
  "tid": "13851925"
},{
  "_id": {
    "$oid": "623da4f0457b0d15062ecf0d"
  },
  "symbol": "BTC",
  "type": "sell",
  "date": "1648115361",
  "amount": "0.00080000",
  "price": "43031.00000000",
  "tid": "13851924"
},{
  "_id": {
    "$oid": "623da4f0457b0d15062ecf0e"
  },
  "symbol": "BTC",
  "type": "sell",
  "date": "1648115359",
  "amount": "0.00340000",
  "price": "43031.00000000",
  "tid": "13851923"
},{
  "_id": {
    "$oid": "623da4f0457b0d15062ecf0f"
  },
  "symbol": "BTC",
  "type": "sell",
  "date": "1648115359",
  "amount": "0.00140000",
  "price": "43031.00000000",
  "tid": "13851922"
},{
  "_id": {
    "$oid": "623da4f0457b0d15062ecf10"
  },
  "symbol": "BTC",
  "type": "sell",
  "date": "1648115359",
  "amount": "0.00265100",
  "price": "43031.00000000",
  "tid": "13851921"
},{
  "_id": {
    "$oid": "623da4f0457b0d15062ecf11"
  },
  "symbol": "BTC",
  "type": "sell",
  "date": "1648115358",
  "amount": "0.00340000",
  "price": "43031.00000000",
  "tid": "13851920"
},{
  "_id": {
    "$oid": "623da4f0457b0d15062ecf12"
  },
  "symbol": "BTC",
  "type": "sell",
  "date": "1648115357",
  "amount": "0.00347400",
  "price": "43031.00000000",
  "tid": "13851919"
},{
  "_id": {
    "$oid": "623da4f0457b0d15062ecf13"
  },
  "symbol": "BTC",
  "type": "sell",
  "date": "1648115357",
  "amount": "0.00200000",
  "price": "43031.00000000",
  "tid": "13851918"
},{
  "_id": {
    "$oid": "623da4f0457b0d15062ecf14"
  },
  "symbol": "BTC",
  "type": "sell",
  "date": "1648115353",
  "amount": "0.00035000",
  "price": "43039.50000000",
  "tid": "13851917"
},{
  "_id": {
    "$oid": "623da4f0457b0d15062ecf15"
  },
  "symbol": "BTC",
  "type": "sell",
  "date": "1648115353",
  "amount": "0.00028800",
  "price": "43039.50000000",
  "tid": "13851916"
},{
  "_id": {
    "$oid": "623da4f0457b0d15062ecf16"
  },
  "symbol": "BTC",
  "type": "sell",
  "date": "1648115353",
  "amount": "0.00030000",
  "price": "43039.50000000",
  "tid": "13851915"
},{
  "_id": {
    "$oid": "623da4f0457b0d15062ecf17"
  },
  "symbol": "BTC",
  "type": "sell",
  "date": "1648115353",
  "amount": "0.00028800",
  "price": "43039.50000000",
  "tid": "13851914"
},{
  "_id": {
    "$oid": "623da4f0457b0d15062ecf18"
  },
  "symbol": "BTC",
  "type": "sell",
  "date": "1648115350",
  "amount": "0.00035900",
  "price": "43039.50000000",
  "tid": "13851913"
},{
  "_id": {
    "$oid": "623da4f0457b0d15062ecf19"
  },
  "symbol": "BTC",
  "type": "sell",
  "date": "1648115349",
  "amount": "0.00169000",
  "price": "43039.50000000",
  "tid": "13851912"
},{
  "_id": {
    "$oid": "623da4f0457b0d15062ecf1a"
  },
  "symbol": "BTC",
  "type": "sell",
  "date": "1648115349",
  "amount": "0.00169400",
  "price": "43039.50000000",
  "tid": "13851911"
},{
  "_id": {
    "$oid": "623da4f0457b0d15062ecf1b"
  },
  "symbol": "BTC",
  "type": "sell",
  "date": "1648115349",
  "amount": "0.00169000",
  "price": "43039.50000000",
  "tid": "13851910"
},{
  "_id": {
    "$oid": "623da4f0457b0d15062ecf1c"
  },
  "symbol": "BTC",
  "type": "sell",
  "date": "1648115349",
  "amount": "0.00160000",
  "price": "43039.50000000",
  "tid": "13851909"
},{
  "_id": {
    "$oid": "623da4f0457b0d15062ecf1d"
  },
  "symbol": "BTC",
  "type": "sell",
  "date": "1648115345",
  "amount": "0.00210000",
  "price": "43039.50000000",
  "tid": "13851908"
},{
  "_id": {
    "$oid": "623da4f0457b0d15062ecf1e"
  },
  "symbol": "BTC",
  "type": "sell",
  "date": "1648115343",
  "amount": "0.00340000",
  "price": "43039.50000000",
  "tid": "13851907"
},{
  "_id": {
    "$oid": "623da4f0457b0d15062ecf1f"
  },
  "symbol": "BTC",
  "type": "sell",
  "date": "1648115343",
  "amount": "0.00340000",
  "price": "43039.50000000",
  "tid": "13851906"
},{
  "_id": {
    "$oid": "623da4f0457b0d15062ecf20"
  },
  "symbol": "BTC",
  "type": "sell",
  "date": "1648115334",
  "amount": "0.00347000",
  "price": "43042.70000000",
  "tid": "13851905"
},{
  "_id": {
    "$oid": "623da4f0457b0d15062ecf21"
  },
  "symbol": "BTC",
  "type": "sell",
  "date": "1648115333",
  "amount": "0.00292956",
  "price": "43042.70000000",
  "tid": "13851904"
},{
  "_id": {
    "$oid": "623da4f0457b0d15062ecf22"
  },
  "symbol": "BTC",
  "type": "sell",
  "date": "1648115333",
  "amount": "0.00054444",
  "price": "43050.00000000",
  "tid": "13851903"
},{
  "_id": {
    "$oid": "623da4f0457b0d15062ecf23"
  },
  "symbol": "BTC",
  "type": "sell",
  "date": "1648115305",
  "amount": "0.00056000",
  "price": "43050.00000000",
  "tid": "13851902"
},{
  "_id": {
    "$oid": "623da4f0457b0d15062ecf24"
  },
  "symbol": "BTC",
  "type": "sell",
  "date": "1648115305",
  "amount": "0.00027600",
  "price": "43050.00000000",
  "tid": "13851901"
},{
  "_id": {
    "$oid": "623da4f0457b0d15062ecf25"
  },
  "symbol": "BTC",
  "type": "sell",
  "date": "1648115303",
  "amount": "0.00056500",
  "price": "43050.00000000",
  "tid": "13851900"
},{
  "_id": {
    "$oid": "623da4f0457b0d15062ecf26"
  },
  "symbol": "BTC",
  "type": "sell",
  "date": "1648115301",
  "amount": "0.00032000",
  "price": "43050.00000000",
  "tid": "13851899"
},{
  "_id": {
    "$oid": "623da4f0457b0d15062ecf27"
  },
  "symbol": "BTC",
  "type": "sell",
  "date": "1648115299",
  "amount": "0.00056000",
  "price": "43050.00000000",
  "tid": "13851898"
},{
  "_id": {
    "$oid": "623da4f0457b0d15062ecf28"
  },
  "symbol": "BTC",
  "type": "sell",
  "date": "1648115296",
  "amount": "0.01737241",
  "price": "43050.00000000",
  "tid": "13851897"
},{
  "_id": {
    "$oid": "623da4f0457b0d15062ecf29"
  },
  "symbol": "BTC",
  "type": "sell",
  "date": "1648115293",
  "amount": "0.00092800",
  "price": "43050.00000000",
  "tid": "13851896"
},{
  "_id": {
    "$oid": "623da4f0457b0d15062ecf2a"
  },
  "symbol": "BTC",
  "type": "buy",
  "date": "1648115290",
  "amount": "0.01737415",
  "price": "43034.20000000",
  "tid": "13851895"
},{
  "_id": {
    "$oid": "623da4f0457b0d15062ecf2b"
  },
  "symbol": "BTC",
  "type": "buy",
  "date": "1648115211",
  "amount": "0.00325753",
  "price": "43032.60000000",
  "tid": "13851894"
},{
  "_id": {
    "$oid": "623da4f0457b0d15062ecf2c"
  },
  "symbol": "BTC",
  "type": "buy",
  "date": "1648115086",
  "amount": "0.00483381",
  "price": "43030.20000000",
  "tid": "13851893"
},{
  "_id": {
    "$oid": "623da4f0457b0d15062ecf2d"
  },
  "symbol": "BTC",
  "type": "buy",
  "date": "1648114993",
  "amount": "0.01086096",
  "price": "43023.80000000",
  "tid": "13851892"
},{
  "_id": {
    "$oid": "623da4f0457b0d15062ecf2e"
  },
  "symbol": "BTC",
  "type": "sell",
  "date": "1648114953",
  "amount": "0.00347526",
  "price": "43023.20000000",
  "tid": "13851891"
},{
  "_id": {
    "$oid": "623da4f0457b0d15062ecf2f"
  },
  "symbol": "BTC",
  "type": "sell",
  "date": "1648114893",
  "amount": "0.04121465",
  "price": "43023.40000000",
  "tid": "13851890"
},{
  "_id": {
    "$oid": "623da4f0457b0d15062ecf30"
  },
  "symbol": "BTC",
  "type": "buy",
  "date": "1648114884",
  "amount": "0.01737049",
  "price": "43043.30000000",
  "tid": "13851889"
},{
  "_id": {
    "$oid": "623da4f0457b0d15062ecf31"
  },
  "symbol": "BTC",
  "type": "sell",
  "date": "1648114879",
  "amount": "0.01000000",
  "price": "43033.00000000",
  "tid": "13851888"
},{
  "_id": {
    "$oid": "623da4f0457b0d15062ecf32"
  },
  "symbol": "BTC",
  "type": "sell",
  "date": "1648114879",
  "amount": "0.09900613",
  "price": "43086.00000000",
  "tid": "13851887"
},{
  "_id": {
    "$oid": "623da4f0457b0d15062ecf33"
  },
  "symbol": "BTC",
  "type": "buy",
  "date": "1648114877",
  "amount": "0.00199716",
  "price": "43086.10000000",
  "tid": "13851886"
},{
  "_id": {
    "$oid": "623da4f0457b0d15062ecf34"
  },
  "symbol": "BTC",
  "type": "sell",
  "date": "1648114876",
  "amount": "0.01735785",
  "price": "43114.90000000",
  "tid": "13851885"
},{
  "_id": {
    "$oid": "623da4f0457b0d15062ecf35"
  },
  "symbol": "BTC",
  "type": "sell",
  "date": "1648114865",
  "amount": "0.01578880",
  "price": "43112.30000000",
  "tid": "13851884"
},{
  "_id": {
    "$oid": "623da4f0457b0d15062ecf36"
  },
  "symbol": "BTC",
  "type": "sell",
  "date": "1648114863",
  "amount": "0.01970000",
  "price": "43112.30000000",
  "tid": "13851883"
},{
  "_id": {
    "$oid": "623da4f0457b0d15062ecf37"
  },
  "symbol": "BTC",
  "type": "sell",
  "date": "1648114857",
  "amount": "0.00007744",
  "price": "43112.30000000",
  "tid": "13851882"
},{
  "_id": {
    "$oid": "623da4f0457b0d15062ecf38"
  },
  "symbol": "BTC",
  "type": "sell",
  "date": "1648114857",
  "amount": "0.00072256",
  "price": "43141.20000000",
  "tid": "13851881"
},{
  "_id": {
    "$oid": "623da4f0457b0d15062ecf39"
  },
  "symbol": "BTC",
  "type": "sell",
  "date": "1648114857",
  "amount": "0.00087000",
  "price": "43141.20000000",
  "tid": "13851880"
},{
  "_id": {
    "$oid": "623da4f0457b0d15062ecf3a"
  },
  "symbol": "BTC",
  "type": "sell",
  "date": "1648114857",
  "amount": "0.00279000",
  "price": "43141.20000000",
  "tid": "13851879"
},{
  "_id": {
    "$oid": "623da4f0457b0d15062ecf3b"
  },
  "symbol": "BTC",
  "type": "sell",
  "date": "1648114856",
  "amount": "0.00340000",
  "price": "43141.20000000",
  "tid": "13851878"
},{
  "_id": {
    "$oid": "623da4f0457b0d15062ecf3c"
  },
  "symbol": "BTC",
  "type": "sell",
  "date": "1648114856",
  "amount": "0.00347000",
  "price": "43141.20000000",
  "tid": "13851877"
},{
  "_id": {
    "$oid": "623da4f0457b0d15062ecf3d"
  },
  "symbol": "BTC",
  "type": "sell",
  "date": "1648114856",
  "amount": "0.00270000",
  "price": "43141.20000000",
  "tid": "13851876"
},{
  "_id": {
    "$oid": "623da4f0457b0d15062ecf3e"
  },
  "symbol": "BTC",
  "type": "sell",
  "date": "1648114853",
  "amount": "0.00340000",
  "price": "43141.20000000",
  "tid": "13851875"
},{
  "_id": {
    "$oid": "623da4f0457b0d15062ecf3f"
  },
  "symbol": "BTC",
  "type": "sell",
  "date": "1648114815",
  "amount": "0.00270000",
  "price": "43144.30000000",
  "tid": "13851874"
},{
  "_id": {
    "$oid": "623da4f0457b0d15062ecf40"
  },
  "symbol": "BTC",
  "type": "sell",
  "date": "1648114814",
  "amount": "0.00340000",
  "price": "43144.30000000",
  "tid": "13851873"
},{
  "_id": {
    "$oid": "623da4f0457b0d15062ecf41"
  },
  "symbol": "BTC",
  "type": "sell",
  "date": "1648114797",
  "amount": "0.00050000",
  "price": "43152.50000000",
  "tid": "13851872"
},{
  "_id": {
    "$oid": "623da4f0457b0d15062ecf42"
  },
  "symbol": "BTC",
  "type": "sell",
  "date": "1648114797",
  "amount": "0.00055200",
  "price": "43152.50000000",
  "tid": "13851871"
},{
  "_id": {
    "$oid": "623da4f0457b0d15062ecf43"
  },
  "symbol": "BTC",
  "type": "sell",
  "date": "1648114797",
  "amount": "0.00044000",
  "price": "43152.50000000",
  "tid": "13851870"
},{
  "_id": {
    "$oid": "623da4f0457b0d15062ecf44"
  },
  "symbol": "BTC",
  "type": "sell",
  "date": "1648114796",
  "amount": "0.00055000",
  "price": "43152.50000000",
  "tid": "13851869"
},{
  "_id": {
    "$oid": "623da4f0457b0d15062ecf45"
  },
  "symbol": "BTC",
  "type": "sell",
  "date": "1648114794",
  "amount": "0.00068000",
  "price": "43152.50000000",
  "tid": "13851868"
},{
  "_id": {
    "$oid": "623da4f0457b0d15062ecf46"
  },
  "symbol": "BTC",
  "type": "sell",
  "date": "1648114792",
  "amount": "0.00126000",
  "price": "43152.50000000",
  "tid": "13851867"
},{
  "_id": {
    "$oid": "623da4f0457b0d15062ecf47"
  },
  "symbol": "BTC",
  "type": "sell",
  "date": "1648114792",
  "amount": "0.00160000",
  "price": "43152.50000000",
  "tid": "13851866"
},{
  "_id": {
    "$oid": "623da4f0457b0d15062ecf48"
  },
  "symbol": "BTC",
  "type": "sell",
  "date": "1648114791",
  "amount": "0.00209000",
  "price": "43152.50000000",
  "tid": "13851865"
},{
  "_id": {
    "$oid": "623da4f0457b0d15062ecf49"
  },
  "symbol": "BTC",
  "type": "sell",
  "date": "1648114789",
  "amount": "0.00209000",
  "price": "43152.50000000",
  "tid": "13851864"
},{
  "_id": {
    "$oid": "623da4f0457b0d15062ecf4a"
  },
  "symbol": "BTC",
  "type": "sell",
  "date": "1648114788",
  "amount": "0.00347000",
  "price": "43152.50000000",
  "tid": "13851863"
},{
  "_id": {
    "$oid": "623da4f0457b0d15062ecf4b"
  },
  "symbol": "BTC",
  "type": "sell",
  "date": "1648114787",
  "amount": "0.00340000",
  "price": "43152.50000000",
  "tid": "13851862"
},{
  "_id": {
    "$oid": "623da4f0457b0d15062ecf4c"
  },
  "symbol": "BTC",
  "type": "sell",
  "date": "1648114753",
  "amount": "0.01735029",
  "price": "43157.00000000",
  "tid": "13851861"
},{
  "_id": {
    "$oid": "623da4f0457b0d15062ecf4d"
  },
  "symbol": "BTC",
  "type": "buy",
  "date": "1648114750",
  "amount": "0.00075380",
  "price": "43155.00000000",
  "tid": "13851860"
},{
  "_id": {
    "$oid": "623da4f0457b0d15062ecf4e"
  },
  "symbol": "BTC",
  "type": "buy",
  "date": "1648114734",
  "amount": "0.01735202",
  "price": "43144.00000000",
  "tid": "13851859"
},{
  "_id": {
    "$oid": "623da4f0457b0d15062ecf4f"
  },
  "symbol": "BTC",
  "type": "buy",
  "date": "1648114724",
  "amount": "0.01735376",
  "price": "43135.40000000",
  "tid": "13851858"
},{
  "_id": {
    "$oid": "623da4f0457b0d15062ecf50"
  },
  "symbol": "BTC",
  "type": "buy",
  "date": "1648114714",
  "amount": "0.00513057",
  "price": "43132.80000000",
  "tid": "13851857"
},{
  "_id": {
    "$oid": "623da4f0457b0d15062ecf51"
  },
  "symbol": "BTC",
  "type": "buy",
  "date": "1648114701",
  "amount": "0.00050000",
  "price": "43132.50000000",
  "tid": "13851856"
},{
  "_id": {
    "$oid": "623da4f0457b0d15062ecf52"
  },
  "symbol": "BTC",
  "type": "buy",
  "date": "1648114695",
  "amount": "0.00061000",
  "price": "43132.50000000",
  "tid": "13851855"
},{
  "_id": {
    "$oid": "623da4f0457b0d15062ecf53"
  },
  "symbol": "BTC",
  "type": "buy",
  "date": "1648114688",
  "amount": "0.03491011",
  "price": "43126.70000000",
  "tid": "13851854"
},{
  "_id": {
    "$oid": "623da4f0457b0d15062ecf54"
  },
  "symbol": "BTC",
  "type": "sell",
  "date": "1648114666",
  "amount": "0.00054000",
  "price": "43131.80000000",
  "tid": "13851853"
},{
  "_id": {
    "$oid": "623da4f0457b0d15062ecf55"
  },
  "symbol": "BTC",
  "type": "sell",
  "date": "1648114666",
  "amount": "0.00043200",
  "price": "43131.80000000",
  "tid": "13851852"
},{
  "_id": {
    "$oid": "623da4f0457b0d15062ecf56"
  },
  "symbol": "BTC",
  "type": "sell",
  "date": "1648114665",
  "amount": "0.00054000",
  "price": "43131.80000000",
  "tid": "13851851"
},{
  "_id": {
    "$oid": "623da4f0457b0d15062ecf57"
  },
  "symbol": "BTC",
  "type": "sell",
  "date": "1648114664",
  "amount": "0.00067000",
  "price": "43131.80000000",
  "tid": "13851850"
},{
  "_id": {
    "$oid": "623da4f0457b0d15062ecf58"
  },
  "symbol": "BTC",
  "type": "sell",
  "date": "1648114663",
  "amount": "0.00084000",
  "price": "43131.80000000",
  "tid": "13851849"
},{
  "_id": {
    "$oid": "623da4f0457b0d15062ecf59"
  },
  "symbol": "BTC",
  "type": "sell",
  "date": "1648114662",
  "amount": "0.00140200",
  "price": "43131.80000000",
  "tid": "13851848"
},{
  "_id": {
    "$oid": "623da4f0457b0d15062ecf5a"
  },
  "symbol": "BTC",
  "type": "sell",
  "date": "1648114661",
  "amount": "0.00140000",
  "price": "43131.80000000",
  "tid": "13851847"
},{
  "_id": {
    "$oid": "623da4f0457b0d15062ecf5b"
  },
  "symbol": "BTC",
  "type": "sell",
  "date": "1648114661",
  "amount": "0.00347000",
  "price": "43131.80000000",
  "tid": "13851846"
},{
  "_id": {
    "$oid": "623da4f0457b0d15062ecf5c"
  },
  "symbol": "BTC",
  "type": "sell",
  "date": "1648114661",
  "amount": "0.00340000",
  "price": "43131.80000000",
  "tid": "13851845"
},{
  "_id": {
    "$oid": "623da4f0457b0d15062ecf5d"
  },
  "symbol": "BTC",
  "type": "sell",
  "date": "1648114661",
  "amount": "0.00347000",
  "price": "43131.80000000",
  "tid": "13851844"
},{
  "_id": {
    "$oid": "623da4f0457b0d15062ecf5e"
  },
  "symbol": "BTC",
  "type": "sell",
  "date": "1648114650",
  "amount": "0.00656000",
  "price": "43112.40000000",
  "tid": "13851843"
},{
  "_id": {
    "$oid": "623da4f0457b0d15062ecf5f"
  },
  "symbol": "BTC",
  "type": "sell",
  "date": "1648114649",
  "amount": "0.00064600",
  "price": "43112.40000000",
  "tid": "13851842"
},{
  "_id": {
    "$oid": "623da4f0457b0d15062ecf60"
  },
  "symbol": "BTC",
  "type": "sell",
  "date": "1648114649",
  "amount": "0.01098634",
  "price": "43141.30000000",
  "tid": "13851841"
},{
  "_id": {
    "$oid": "623da4f0457b0d15062ecf61"
  },
  "symbol": "BTC",
  "type": "sell",
  "date": "1648114649",
  "amount": "0.00182709",
  "price": "43141.30000000",
  "tid": "13851840"
},{
  "_id": {
    "$oid": "623da4f0457b0d15062ecf62"
  },
  "symbol": "BTC",
  "type": "sell",
  "date": "1648114649",
  "amount": "0.00067291",
  "price": "43141.40000000",
  "tid": "13851839"
},{
  "_id": {
    "$oid": "623da4f0457b0d15062ecf63"
  },
  "symbol": "BTC",
  "type": "sell",
  "date": "1648114649",
  "amount": "0.00256200",
  "price": "43141.40000000",
  "tid": "13851838"
},{
  "_id": {
    "$oid": "623da4f0457b0d15062ecf64"
  },
  "symbol": "BTC",
  "type": "sell",
  "date": "1648114649",
  "amount": "0.00256000",
  "price": "43141.40000000",
  "tid": "13851837"
},{
  "_id": {
    "$oid": "623da4f0457b0d15062ecf65"
  },
  "symbol": "BTC",
  "type": "sell",
  "date": "1648114648",
  "amount": "0.00115000",
  "price": "43141.30000000",
  "tid": "13851836"
},{
  "_id": {
    "$oid": "623da4f0457b0d15062ecf66"
  },
  "symbol": "BTC",
  "type": "buy",
  "date": "1648114645",
  "amount": "0.00550000",
  "price": "43150.00000000",
  "tid": "13851835"
},{
  "_id": {
    "$oid": "623da4f0457b0d15062ecf67"
  },
  "symbol": "BTC",
  "type": "buy",
  "date": "1648114642",
  "amount": "0.00338912",
  "price": "43140.00000000",
  "tid": "13851834"
},{
  "_id": {
    "$oid": "623da4f0457b0d15062ecf68"
  },
  "symbol": "BTC",
  "type": "buy",
  "date": "1648114641",
  "amount": "0.00084727",
  "price": "43140.00000000",
  "tid": "13851833"
},{
  "_id": {
    "$oid": "623da4f0457b0d15062ecf69"
  },
  "symbol": "BTC",
  "type": "buy",
  "date": "1648114639",
  "amount": "0.10656789",
  "price": "43117.20000000",
  "tid": "13851832"
},{
  "_id": {
    "$oid": "623da4f0457b0d15062ecf6a"
  },
  "symbol": "BTC",
  "type": "buy",
  "date": "1648114638",
  "amount": "0.00810000",
  "price": "43117.20000000",
  "tid": "13851831"
},{
  "_id": {
    "$oid": "623da4f0457b0d15062ecf6b"
  },
  "symbol": "BTC",
  "type": "buy",
  "date": "1648114636",
  "amount": "0.08243136",
  "price": "43064.20000000",
  "tid": "13851830"
},{
  "_id": {
    "$oid": "623da4f0457b0d15062ecf6c"
  },
  "symbol": "BTC",
  "type": "buy",
  "date": "1648114635",
  "amount": "0.01120000",
  "price": "43064.20000000",
  "tid": "13851829"
},{
  "_id": {
    "$oid": "623da4f0457b0d15062ecf6d"
  },
  "symbol": "BTC",
  "type": "buy",
  "date": "1648114634",
  "amount": "0.00137532",
  "price": "43056.70000000",
  "tid": "13851828"
},{
  "_id": {
    "$oid": "623da4f0457b0d15062ecf6e"
  },
  "symbol": "BTC",
  "type": "buy",
  "date": "1648114634",
  "amount": "0.00540000",
  "price": "43064.20000000",
  "tid": "13851827"
},{
  "_id": {
    "$oid": "623da4f0457b0d15062ecf6f"
  },
  "symbol": "BTC",
  "type": "buy",
  "date": "1648114634",
  "amount": "0.16530201",
  "price": "43045.00000000",
  "tid": "13851826"
},{
  "_id": {
    "$oid": "623da4f0457b0d15062ecf70"
  },
  "symbol": "BTC",
  "type": "buy",
  "date": "1648114634",
  "amount": "0.00030013",
  "price": "43045.00000000",
  "tid": "13851825"
},{
  "_id": {
    "$oid": "623da4f0457b0d15062ecf71"
  },
  "symbol": "BTC",
  "type": "buy",
  "date": "1648114633",
  "amount": "0.12658161",
  "price": "43045.00000000",
  "tid": "13851824"
},{
  "_id": {
    "$oid": "623da4f0457b0d15062ecf72"
  },
  "symbol": "BTC",
  "type": "buy",
  "date": "1648114633",
  "amount": "0.00270000",
  "price": "43045.00000000",
  "tid": "13851823"
},{
  "_id": {
    "$oid": "623da4f0457b0d15062ecf73"
  },
  "symbol": "BTC",
  "type": "buy",
  "date": "1648114633",
  "amount": "0.01850000",
  "price": "43045.00000000",
  "tid": "13851822"
},{
  "_id": {
    "$oid": "623da4f0457b0d15062ecf74"
  },
  "symbol": "BTC",
  "type": "buy",
  "date": "1648114630",
  "amount": "0.01840000",
  "price": "43045.00000000",
  "tid": "13851821"
},{
  "_id": {
    "$oid": "623da4f0457b0d15062ecf75"
  },
  "symbol": "BTC",
  "type": "sell",
  "date": "1648114629",
  "amount": "0.01737392",
  "price": "43044.90000000",
  "tid": "13851820"
},{
  "_id": {
    "$oid": "623da4f0457b0d15062ecf76"
  },
  "symbol": "BTC",
  "type": "buy",
  "date": "1648114628",
  "amount": "0.06870000",
  "price": "43045.00000000",
  "tid": "13851819"
},{
  "_id": {
    "$oid": "623da4f0457b0d15062ecf77"
  },
  "symbol": "BTC",
  "type": "buy",
  "date": "1648114626",
  "amount": "0.00324749",
  "price": "43045.00000000",
  "tid": "13851818"
},{
  "_id": {
    "$oid": "623da4f0457b0d15062ecf78"
  },
  "symbol": "BTC",
  "type": "buy",
  "date": "1648114626",
  "amount": "0.01059166",
  "price": "43006.50000000",
  "tid": "13851817"
},{
  "_id": {
    "$oid": "623da4f0457b0d15062ecf79"
  },
  "symbol": "BTC",
  "type": "buy",
  "date": "1648114626",
  "amount": "0.00564583",
  "price": "43006.50000000",
  "tid": "13851816"
},{
  "_id": {
    "$oid": "623da4f0457b0d15062ecf7a"
  },
  "symbol": "BTC",
  "type": "buy",
  "date": "1648114625",
  "amount": "0.00564583",
  "price": "43006.50000000",
  "tid": "13851815"
},{
  "_id": {
    "$oid": "623da4f0457b0d15062ecf7b"
  },
  "symbol": "BTC",
  "type": "buy",
  "date": "1648114624",
  "amount": "0.01580000",
  "price": "43006.50000000",
  "tid": "13851814"
},{
  "_id": {
    "$oid": "623da4f0457b0d15062ecf7c"
  },
  "symbol": "BTC",
  "type": "buy",
  "date": "1648114624",
  "amount": "0.04170000",
  "price": "43006.50000000",
  "tid": "13851813"
},{
  "_id": {
    "$oid": "623da4f0457b0d15062ecf7d"
  },
  "symbol": "BTC",
  "type": "buy",
  "date": "1648114623",
  "amount": "0.01971443",
  "price": "43006.50000000",
  "tid": "13851812"
},{
  "_id": {
    "$oid": "623da4f0457b0d15062ecf7e"
  },
  "symbol": "BTC",
  "type": "buy",
  "date": "1648114623",
  "amount": "0.00008557",
  "price": "42977.70000000",
  "tid": "13851811"
},{
  "_id": {
    "$oid": "623da4f0457b0d15062ecf7f"
  },
  "symbol": "BTC",
  "type": "buy",
  "date": "1648114620",
  "amount": "0.01730000",
  "price": "42977.70000000",
  "tid": "13851810"
},{
  "_id": {
    "$oid": "623da4f0457b0d15062ecf80"
  },
  "symbol": "BTC",
  "type": "buy",
  "date": "1648114616",
  "amount": "0.00610000",
  "price": "42968.20000000",
  "tid": "13851809"
},{
  "_id": {
    "$oid": "623da4f0457b0d15062ecf81"
  },
  "symbol": "BTC",
  "type": "buy",
  "date": "1648114614",
  "amount": "0.00131500",
  "price": "42968.20000000",
  "tid": "13851808"
},{
  "_id": {
    "$oid": "623da4f0457b0d15062ecf82"
  },
  "symbol": "BTC",
  "type": "buy",
  "date": "1648114613",
  "amount": "0.00650000",
  "price": "42968.20000000",
  "tid": "13851807"
},{
  "_id": {
    "$oid": "623da4f0457b0d15062ecf83"
  },
  "symbol": "BTC",
  "type": "buy",
  "date": "1648114613",
  "amount": "0.00340000",
  "price": "42968.20000000",
  "tid": "13851806"
},{
  "_id": {
    "$oid": "623da4f0457b0d15062ecf84"
  },
  "symbol": "BTC",
  "type": "buy",
  "date": "1648114609",
  "amount": "0.00190000",
  "price": "42964.40000000",
  "tid": "13851805"
},{
  "_id": {
    "$oid": "623da4f0457b0d15062ecf85"
  },
  "symbol": "BTC",
  "type": "buy",
  "date": "1648114605",
  "amount": "0.00240000",
  "price": "42964.40000000",
  "tid": "13851804"
},{
  "_id": {
    "$oid": "623da4f0457b0d15062ecf86"
  },
  "symbol": "BTC",
  "type": "buy",
  "date": "1648114604",
  "amount": "0.00249000",
  "price": "42964.40000000",
  "tid": "13851803"
},{
  "_id": {
    "$oid": "623da4f0457b0d15062ecf87"
  },
  "symbol": "BTC",
  "type": "buy",
  "date": "1648114604",
  "amount": "0.00270000",
  "price": "42964.40000000",
  "tid": "13851802"
},{
  "_id": {
    "$oid": "623da4f0457b0d15062ecf88"
  },
  "symbol": "BTC",
  "type": "sell",
  "date": "1648114585",
  "amount": "0.00058125",
  "price": "42964.30000000",
  "tid": "13851801"
},{
  "_id": {
    "$oid": "623da4f0457b0d15062ecf89"
  },
  "symbol": "BTC",
  "type": "sell",
  "date": "1648114583",
  "amount": "0.00057700",
  "price": "42964.30000000",
  "tid": "13851800"
},{
  "_id": {
    "$oid": "623da4f0457b0d15062ecf8a"
  },
  "symbol": "BTC",
  "type": "sell",
  "date": "1648114583",
  "amount": "0.00030000",
  "price": "42964.30000000",
  "tid": "13851799"
},{
  "_id": {
    "$oid": "623da4f0457b0d15062ecf8b"
  },
  "symbol": "BTC",
  "type": "sell",
  "date": "1648114583",
  "amount": "0.00036000",
  "price": "42964.30000000",
  "tid": "13851798"
},{
  "_id": {
    "$oid": "623da4f0457b0d15062ecf8c"
  },
  "symbol": "BTC",
  "type": "sell",
  "date": "1648114581",
  "amount": "0.00050000",
  "price": "42964.30000000",
  "tid": "13851797"
},{
  "_id": {
    "$oid": "623da4f0457b0d15062ecf8d"
  },
  "symbol": "BTC",
  "type": "sell",
  "date": "1648114581",
  "amount": "0.00057000",
  "price": "42964.30000000",
  "tid": "13851796"
},{
  "_id": {
    "$oid": "623da4f0457b0d15062ecf8e"
  },
  "symbol": "BTC",
  "type": "sell",
  "date": "1648114579",
  "amount": "0.01450000",
  "price": "42964.30000000",
  "tid": "13851795"
},{
  "_id": {
    "$oid": "623da4f0457b0d15062ecf8f"
  },
  "symbol": "BTC",
  "type": "buy",
  "date": "1648114553",
  "amount": "0.00568000",
  "price": "42959.50000000",
  "tid": "13851794"
},{
  "_id": {
    "$oid": "623da4f0457b0d15062ecf90"
  },
  "symbol": "BTC",
  "type": "buy",
  "date": "1648114551",
  "amount": "0.00650000",
  "price": "42959.50000000",
  "tid": "13851793"
},{
  "_id": {
    "$oid": "623da4f0457b0d15062ecf91"
  },
  "symbol": "BTC",
  "type": "buy",
  "date": "1648114550",
  "amount": "0.00404000",
  "price": "42959.50000000",
  "tid": "13851792"
},{
  "_id": {
    "$oid": "623da4f0457b0d15062ecf92"
  },
  "symbol": "BTC",
  "type": "buy",
  "date": "1648114549",
  "amount": "0.01000000",
  "price": "42959.50000000",
  "tid": "13851791"
},{
  "_id": {
    "$oid": "623da4f0457b0d15062ecf93"
  },
  "symbol": "BTC",
  "type": "buy",
  "date": "1648114549",
  "amount": "0.00279000",
  "price": "42959.50000000",
  "tid": "13851790"
},{
  "_id": {
    "$oid": "623da4f0457b0d15062ecf94"
  },
  "symbol": "BTC",
  "type": "buy",
  "date": "1648114547",
  "amount": "0.00667000",
  "price": "42959.50000000",
  "tid": "13851789"
},{
  "_id": {
    "$oid": "623da4f0457b0d15062ecf95"
  },
  "symbol": "BTC",
  "type": "buy",
  "date": "1648114546",
  "amount": "0.01001000",
  "price": "42959.50000000",
  "tid": "13851788"
},{
  "_id": {
    "$oid": "623da4f0457b0d15062ecf96"
  },
  "symbol": "BTC",
  "type": "buy",
  "date": "1648114545",
  "amount": "0.01000000",
  "price": "42959.50000000",
  "tid": "13851787"
},{
  "_id": {
    "$oid": "623da4f0457b0d15062ecf97"
  },
  "symbol": "BTC",
  "type": "buy",
  "date": "1648114543",
  "amount": "0.01251628",
  "price": "42959.50000000",
  "tid": "13851786"
},{
  "_id": {
    "$oid": "623da4f0457b0d15062ecf98"
  },
  "symbol": "BTC",
  "type": "buy",
  "date": "1648114543",
  "amount": "0.00000372",
  "price": "42930.80000000",
  "tid": "13851785"
},{
  "_id": {
    "$oid": "623da4f0457b0d15062ecf99"
  },
  "symbol": "BTC",
  "type": "buy",
  "date": "1648114543",
  "amount": "0.00057335",
  "price": "42930.80000000",
  "tid": "13851784"
},{
  "_id": {
    "$oid": "623da4f0457b0d15062ecf9a"
  },
  "symbol": "BTC",
  "type": "buy",
  "date": "1648114540",
  "amount": "0.00025100",
  "price": "42930.80000000",
  "tid": "13851783"
},{
  "_id": {
    "$oid": "623da4f0457b0d15062ecf9b"
  },
  "symbol": "BTC",
  "type": "buy",
  "date": "1648114540",
  "amount": "0.00043000",
  "price": "42930.80000000",
  "tid": "13851782"
},{
  "_id": {
    "$oid": "623da4f0457b0d15062ecf9c"
  },
  "symbol": "BTC",
  "type": "buy",
  "date": "1648114540",
  "amount": "0.00090000",
  "price": "42930.80000000",
  "tid": "13851781"
},{
  "_id": {
    "$oid": "623da4f0457b0d15062ecf9d"
  },
  "symbol": "BTC",
  "type": "buy",
  "date": "1648114539",
  "amount": "0.00078100",
  "price": "42930.80000000",
  "tid": "13851780"
},{
  "_id": {
    "$oid": "623da4f0457b0d15062ecf9e"
  },
  "symbol": "BTC",
  "type": "buy",
  "date": "1648114539",
  "amount": "0.00097000",
  "price": "42930.80000000",
  "tid": "13851779"
},{
  "_id": {
    "$oid": "623da4f0457b0d15062ecf9f"
  },
  "symbol": "BTC",
  "type": "buy",
  "date": "1648114538",
  "amount": "0.00097700",
  "price": "42930.80000000",
  "tid": "13851778"
},{
  "_id": {
    "$oid": "623da4f0457b0d15062ecfa0"
  },
  "symbol": "BTC",
  "type": "buy",
  "date": "1648114536",
  "amount": "0.00278000",
  "price": "42930.80000000",
  "tid": "13851777"
},{
  "_id": {
    "$oid": "623da4f0457b0d15062ecfa1"
  },
  "symbol": "BTC",
  "type": "buy",
  "date": "1648114536",
  "amount": "0.00278000",
  "price": "42930.80000000",
  "tid": "13851776"
},{
  "_id": {
    "$oid": "623da4f0457b0d15062ecfa2"
  },
  "symbol": "BTC",
  "type": "buy",
  "date": "1648114535",
  "amount": "0.00347900",
  "price": "42930.80000000",
  "tid": "13851775"
},{
  "_id": {
    "$oid": "623da4f0457b0d15062ecfa3"
  },
  "symbol": "BTC",
  "type": "buy",
  "date": "1648114534",
  "amount": "0.00347000",
  "price": "42930.80000000",
  "tid": "13851774"
},{
  "_id": {
    "$oid": "623da4f0457b0d15062ecfa4"
  },
  "symbol": "BTC",
  "type": "buy",
  "date": "1648114530",
  "amount": "0.00021185",
  "price": "42930.50000000",
  "tid": "13851773"
},{
  "_id": {
    "$oid": "623da4f0457b0d15062ecfa5"
  },
  "symbol": "BTC",
  "type": "buy",
  "date": "1648114524",
  "amount": "0.00645112",
  "price": "42937.30000000",
  "tid": "13851772"
},{
  "_id": {
    "$oid": "623da4f0457b0d15062ecfa6"
  },
  "symbol": "BTC",
  "type": "sell",
  "date": "1648114523",
  "amount": "0.11488445",
  "price": "42954.70000000",
  "tid": "13851771"
},{
  "_id": {
    "$oid": "623da4f0457b0d15062ecfa7"
  },
  "symbol": "BTC",
  "type": "buy",
  "date": "1648114518",
  "amount": "0.00635484",
  "price": "42988.40000000",
  "tid": "13851770"
},{
  "_id": {
    "$oid": "623da4f0457b0d15062ecfa8"
  },
  "symbol": "BTC",
  "type": "sell",
  "date": "1648114517",
  "amount": "0.00683047",
  "price": "43001.00000000",
  "tid": "13851769"
},{
  "_id": {
    "$oid": "623da4f0457b0d15062ecfa9"
  },
  "symbol": "BTC",
  "type": "sell",
  "date": "1648114517",
  "amount": "0.09909634",
  "price": "43007.60000000",
  "tid": "13851768"
},{
  "_id": {
    "$oid": "623da4f0457b0d15062ecfaa"
  },
  "symbol": "BTC",
  "type": "sell",
  "date": "1648114516",
  "amount": "0.01737367",
  "price": "43036.50000000",
  "tid": "13851767"
},{
  "_id": {
    "$oid": "623da4f0457b0d15062ecfab"
  },
  "symbol": "BTC",
  "type": "buy",
  "date": "1648114514",
  "amount": "0.00158322",
  "price": "43045.10000000",
  "tid": "13851766"
},{
  "_id": {
    "$oid": "623da4f0457b0d15062ecfac"
  },
  "symbol": "BTC",
  "type": "buy",
  "date": "1648114510",
  "amount": "0.00341975",
  "price": "43078.80000000",
  "tid": "13851765"
},{
  "_id": {
    "$oid": "623da4f0457b0d15062ecfad"
  },
  "symbol": "BTC",
  "type": "sell",
  "date": "1648114509",
  "amount": "0.07581343",
  "price": "43049.90000000",
  "tid": "13851764"
},{
  "_id": {
    "$oid": "623da4f0457b0d15062ecfae"
  },
  "symbol": "BTC",
  "type": "sell",
  "date": "1648114506",
  "amount": "0.09898672",
  "price": "43102.90000000",
  "tid": "13851763"
},{
  "_id": {
    "$oid": "623da4f0457b0d15062ecfaf"
  },
  "symbol": "BTC",
  "type": "sell",
  "date": "1648114504",
  "amount": "0.01569445",
  "price": "43131.80000000",
  "tid": "13851762"
},{
  "_id": {
    "$oid": "623da4f0457b0d15062ecfb0"
  },
  "symbol": "BTC",
  "type": "sell",
  "date": "1648114503",
  "amount": "0.00056000",
  "price": "43131.80000000",
  "tid": "13851761"
},{
  "_id": {
    "$oid": "623da4f0457b0d15062ecfb1"
  },
  "symbol": "BTC",
  "type": "sell",
  "date": "1648114503",
  "amount": "0.00050000",
  "price": "43131.80000000",
  "tid": "13851760"
},{
  "_id": {
    "$oid": "623da4f0457b0d15062ecfb2"
  },
  "symbol": "BTC",
  "type": "sell",
  "date": "1648114501",
  "amount": "0.00060000",
  "price": "43131.80000000",
  "tid": "13851759"
},{
  "_id": {
    "$oid": "623da4f0457b0d15062ecfb3"
  },
  "symbol": "BTC",
  "type": "sell",
  "date": "1648114423",
  "amount": "0.00050700",
  "price": "43133.50000000",
  "tid": "13851758"
},{
  "_id": {
    "$oid": "623da4f0457b0d15062ecfb4"
  },
  "symbol": "BTC",
  "type": "sell",
  "date": "1648114423",
  "amount": "0.00033800",
  "price": "43133.50000000",
  "tid": "13851757"
},{
  "_id": {
    "$oid": "623da4f0457b0d15062ecfb5"
  },
  "symbol": "BTC",
  "type": "sell",
  "date": "1648114418",
  "amount": "0.00084400",
  "price": "43133.50000000",
  "tid": "13851756"
},{
  "_id": {
    "$oid": "623da4f0457b0d15062ecfb6"
  },
  "symbol": "BTC",
  "type": "sell",
  "date": "1648114417",
  "amount": "0.00084400",
  "price": "43133.50000000",
  "tid": "13851755"
},{
  "_id": {
    "$oid": "623da4f0457b0d15062ecfb7"
  },
  "symbol": "BTC",
  "type": "sell",
  "date": "1648114414",
  "amount": "0.00084000",
  "price": "43133.50000000",
  "tid": "13851754"
},{
  "_id": {
    "$oid": "623da4f0457b0d15062ecfb8"
  },
  "symbol": "BTC",
  "type": "sell",
  "date": "1648114370",
  "amount": "0.00026000",
  "price": "43133.90000000",
  "tid": "13851753"
},{
  "_id": {
    "$oid": "623da4f0457b0d15062ecfb9"
  },
  "symbol": "BTC",
  "type": "sell",
  "date": "1648114364",
  "amount": "0.00043448",
  "price": "43133.90000000",
  "tid": "13851752"
},{
  "_id": {
    "$oid": "623da4f0457b0d15062ecfba"
  },
  "symbol": "BTC",
  "type": "sell",
  "date": "1648114364",
  "amount": "0.00003552",
  "price": "43137.70000000",
  "tid": "13851751"
},{
  "_id": {
    "$oid": "623da4f0457b0d15062ecfbb"
  },
  "symbol": "BTC",
  "type": "sell",
  "date": "1648114361",
  "amount": "0.00059600",
  "price": "43137.70000000",
  "tid": "13851750"
},{
  "_id": {
    "$oid": "623da4f0457b0d15062ecfbc"
  },
  "symbol": "BTC",
  "type": "sell",
  "date": "1648114359",
  "amount": "0.00059000",
  "price": "43137.70000000",
  "tid": "13851749"
},{
  "_id": {
    "$oid": "623da4f0457b0d15062ecfbd"
  },
  "symbol": "BTC",
  "type": "sell",
  "date": "1648114358",
  "amount": "0.00137000",
  "price": "43137.70000000",
  "tid": "13851748"
},{
  "_id": {
    "$oid": "623da4f0457b0d15062ecfbe"
  },
  "symbol": "BTC",
  "type": "sell",
  "date": "1648114357",
  "amount": "0.00251700",
  "price": "43137.70000000",
  "tid": "13851747"
},{
  "_id": {
    "$oid": "623da4f0457b0d15062ecfbf"
  },
  "symbol": "BTC",
  "type": "sell",
  "date": "1648114357",
  "amount": "0.00160000",
  "price": "43137.70000000",
  "tid": "13851746"
},{
  "_id": {
    "$oid": "623da4f0457b0d15062ecfc0"
  },
  "symbol": "BTC",
  "type": "sell",
  "date": "1648114354",
  "amount": "0.00107848",
  "price": "43137.70000000",
  "tid": "13851745"
},{
  "_id": {
    "$oid": "623da4f0457b0d15062ecfc1"
  },
  "symbol": "BTC",
  "type": "sell",
  "date": "1648114354",
  "amount": "0.00122152",
  "price": "43137.70000000",
  "tid": "13851744"
},{
  "_id": {
    "$oid": "623da4f0457b0d15062ecfc2"
  },
  "symbol": "BTC",
  "type": "buy",
  "date": "1648114349",
  "amount": "0.00131521",
  "price": "43137.80000000",
  "tid": "13851743"
},{
  "_id": {
    "$oid": "623da4f0457b0d15062ecfc3"
  },
  "symbol": "BTC",
  "type": "sell",
  "date": "1648114343",
  "amount": "0.00111811",
  "price": "43137.70000000",
  "tid": "13851742"
},{
  "_id": {
    "$oid": "623da4f0457b0d15062ecfc4"
  },
  "symbol": "BTC",
  "type": "sell",
  "date": "1648114343",
  "amount": "0.00098189",
  "price": "43140.50000000",
  "tid": "13851741"
},{
  "_id": {
    "$oid": "623da4f0457b0d15062ecfc5"
  },
  "symbol": "BTC",
  "type": "sell",
  "date": "1648114339",
  "amount": "0.00024500",
  "price": "43140.50000000",
  "tid": "13851740"
},{
  "_id": {
    "$oid": "623da4f0457b0d15062ecfc6"
  },
  "symbol": "BTC",
  "type": "sell",
  "date": "1648114338",
  "amount": "0.00270000",
  "price": "43140.30000000",
  "tid": "13851739"
},{
  "_id": {
    "$oid": "623da4f0457b0d15062ecfc7"
  },
  "symbol": "BTC",
  "type": "sell",
  "date": "1648114334",
  "amount": "0.00030000",
  "price": "43140.30000000",
  "tid": "13851738"
},{
  "_id": {
    "$oid": "623da4f0457b0d15062ecfc8"
  },
  "symbol": "BTC",
  "type": "sell",
  "date": "1648114334",
  "amount": "0.00225275",
  "price": "43140.30000000",
  "tid": "13851737"
},{
  "_id": {
    "$oid": "623da4f0457b0d15062ecfc9"
  },
  "symbol": "BTC",
  "type": "sell",
  "date": "1648114334",
  "amount": "0.00126725",
  "price": "43140.30000000",
  "tid": "13851736"
},{
  "_id": {
    "$oid": "623da4f0457b0d15062ecfca"
  },
  "symbol": "BTC",
  "type": "sell",
  "date": "1648114333",
  "amount": "0.00440000",
  "price": "43140.90000000",
  "tid": "13851735"
},{
  "_id": {
    "$oid": "623da4f0457b0d15062ecfcb"
  },
  "symbol": "BTC",
  "type": "sell",
  "date": "1648114274",
  "amount": "0.00251000",
  "price": "43141.50000000",
  "tid": "13851734"
},{
  "_id": {
    "$oid": "623da4f0457b0d15062ecfcc"
  },
  "symbol": "BTC",
  "type": "sell",
  "date": "1648114274",
  "amount": "0.00096000",
  "price": "43143.10000000",
  "tid": "13851733"
},{
  "_id": {
    "$oid": "623da4f0457b0d15062ecfcd"
  },
  "symbol": "BTC",
  "type": "sell",
  "date": "1648114271",
  "amount": "0.00024000",
  "price": "43143.10000000",
  "tid": "13851732"
},{
  "_id": {
    "$oid": "623da4f0457b0d15062ecfce"
  },
  "symbol": "BTC",
  "type": "sell",
  "date": "1648114254",
  "amount": "0.00030000",
  "price": "43143.10000000",
  "tid": "13851731"
},{
  "_id": {
    "$oid": "623da4f0457b0d15062ecfcf"
  },
  "symbol": "BTC",
  "type": "sell",
  "date": "1648114236",
  "amount": "0.00340000",
  "price": "43143.20000000",
  "tid": "13851730"
},{
  "_id": {
    "$oid": "623da4f0457b0d15062ecfd0"
  },
  "symbol": "BTC",
  "type": "buy",
  "date": "1648114224",
  "amount": "0.00026580",
  "price": "43151.80000000",
  "tid": "13851729"
},{
  "_id": {
    "$oid": "623da4f0457b0d15062ecfd1"
  },
  "symbol": "BTC",
  "type": "buy",
  "date": "1648114224",
  "amount": "0.00570000",
  "price": "43151.70000000",
  "tid": "13851728"
},{
  "_id": {
    "$oid": "623da4f0457b0d15062ecfd2"
  },
  "symbol": "BTC",
  "type": "sell",
  "date": "1648114120",
  "amount": "0.00370413",
  "price": "43151.60000000",
  "tid": "13851727"
},{
  "_id": {
    "$oid": "623da4f0457b0d15062ecfd3"
  },
  "symbol": "BTC",
  "type": "sell",
  "date": "1648114120",
  "amount": "0.00163408",
  "price": "43151.60000000",
  "tid": "13851726"
},{
  "_id": {
    "$oid": "623da4f0457b0d15062ecfd4"
  },
  "symbol": "BTC",
  "type": "sell",
  "date": "1648114047",
  "amount": "0.00049000",
  "price": "43151.60000000",
  "tid": "13851725"
},{
  "_id": {
    "$oid": "623da4f0457b0d15062ecfd5"
  },
  "symbol": "BTC",
  "type": "buy",
  "date": "1648114001",
  "amount": "0.01735219",
  "price": "43143.20000000",
  "tid": "13851724"
},{
  "_id": {
    "$oid": "623da4f0457b0d15062ecfd6"
  },
  "symbol": "BTC",
  "type": "buy",
  "date": "1648114000",
  "amount": "0.00565000",
  "price": "43143.10000000",
  "tid": "13851723"
},{
  "_id": {
    "$oid": "623da4f0457b0d15062ecfd7"
  },
  "symbol": "BTC",
  "type": "buy",
  "date": "1648114000",
  "amount": "0.00437600",
  "price": "43143.10000000",
  "tid": "13851722"
},{
  "_id": {
    "$oid": "623da4f0457b0d15062ecfd8"
  },
  "symbol": "BTC",
  "type": "buy",
  "date": "1648114000",
  "amount": "0.00565600",
  "price": "43143.10000000",
  "tid": "13851721"
},{
  "_id": {
    "$oid": "623da4f0457b0d15062ecfd9"
  },
  "symbol": "BTC",
  "type": "buy",
  "date": "1648113987",
  "amount": "0.00022049",
  "price": "43143.10000000",
  "tid": "13851720"
},{
  "_id": {
    "$oid": "623da4f0457b0d15062ecfda"
  },
  "symbol": "BTC",
  "type": "buy",
  "date": "1648113883",
  "amount": "0.00108290",
  "price": "43143.10000000",
  "tid": "13851719"
},{
  "_id": {
    "$oid": "623da4f0457b0d15062ecfdb"
  },
  "symbol": "BTC",
  "type": "buy",
  "date": "1648113778",
  "amount": "0.03335991",
  "price": "43143.10000000",
  "tid": "13851718"
},{
  "_id": {
    "$oid": "623da4f0457b0d15062ecfdc"
  },
  "symbol": "BTC",
  "type": "buy",
  "date": "1648113730",
  "amount": "0.00504901",
  "price": "43143.10000000",
  "tid": "13851717"
},{
  "_id": {
    "$oid": "623da4f0457b0d15062ecfdd"
  },
  "symbol": "BTC",
  "type": "buy",
  "date": "1648113713",
  "amount": "0.00758174",
  "price": "43143.10000000",
  "tid": "13851716"
},{
  "_id": {
    "$oid": "623da4f0457b0d15062ecfde"
  },
  "symbol": "BTC",
  "type": "buy",
  "date": "1648113680",
  "amount": "0.00183120",
  "price": "43143.00000000",
  "tid": "13851715"
},{
  "_id": {
    "$oid": "623da4f0457b0d15062ecfdf"
  },
  "symbol": "BTC",
  "type": "buy",
  "date": "1648113670",
  "amount": "0.01215415",
  "price": "43134.60000000",
  "tid": "13851714"
},{
  "_id": {
    "$oid": "623da4f0457b0d15062ecfe0"
  },
  "symbol": "BTC",
  "type": "buy",
  "date": "1648113670",
  "amount": "0.00519977",
  "price": "43134.60000000",
  "tid": "13851713"
},{
  "_id": {
    "$oid": "623da4f0457b0d15062ecfe1"
  },
  "symbol": "BTC",
  "type": "buy",
  "date": "1648113599",
  "amount": "0.04764715",
  "price": "43135.00000000",
  "tid": "13851712"
},{
  "_id": {
    "$oid": "623da4f0457b0d15062ecfe2"
  },
  "symbol": "BTC",
  "type": "buy",
  "date": "1648113599",
  "amount": "0.01735566",
  "price": "43125.90000000",
  "tid": "13851711"
},{
  "_id": {
    "$oid": "623da4f0457b0d15062ecfe3"
  },
  "symbol": "BTC",
  "type": "sell",
  "date": "1648113472",
  "amount": "0.00097319",
  "price": "43117.70000000",
  "tid": "13851710"
},{
  "_id": {
    "$oid": "623da4f0457b0d15062ecfe4"
  },
  "symbol": "BTC",
  "type": "sell",
  "date": "1648113414",
  "amount": "0.00872000",
  "price": "43122.00000000",
  "tid": "13851709"
},{
  "_id": {
    "$oid": "623da4f0457b0d15062ecfe5"
  },
  "symbol": "BTC",
  "type": "sell",
  "date": "1648113334",
  "amount": "0.00071622",
  "price": "43122.40000000",
  "tid": "13851708"
},{
  "_id": {
    "$oid": "623da4f0457b0d15062ecfe6"
  },
  "symbol": "BTC",
  "type": "buy",
  "date": "1648113238",
  "amount": "0.00290501",
  "price": "43122.50000000",
  "tid": "13851707"
},{
  "_id": {
    "$oid": "623da4f0457b0d15062ecfe7"
  },
  "symbol": "BTC",
  "type": "buy",
  "date": "1648113208",
  "amount": "0.00134000",
  "price": "43127.70000000",
  "tid": "13851706"
},{
  "_id": {
    "$oid": "623da4f0457b0d15062ecfe8"
  },
  "symbol": "BTC",
  "type": "buy",
  "date": "1648113128",
  "amount": "0.01308000",
  "price": "43131.00000000",
  "tid": "13851705"
},{
  "_id": {
    "$oid": "623da4f0457b0d15062ecfe9"
  },
  "symbol": "BTC",
  "type": "buy",
  "date": "1648113124",
  "amount": "0.00513000",
  "price": "43130.90000000",
  "tid": "13851704"
},{
  "_id": {
    "$oid": "623da4f0457b0d15062ecfea"
  },
  "symbol": "BTC",
  "type": "buy",
  "date": "1648113119",
  "amount": "0.01298000",
  "price": "43131.00000000",
  "tid": "13851703"
},{
  "_id": {
    "$oid": "623da4f0457b0d15062ecfeb"
  },
  "symbol": "BTC",
  "type": "buy",
  "date": "1648113115",
  "amount": "0.01879000",
  "price": "43130.90000000",
  "tid": "13851702"
},{
  "_id": {
    "$oid": "623da4f0457b0d15062ecfec"
  },
  "symbol": "BTC",
  "type": "buy",
  "date": "1648113110",
  "amount": "0.05000000",
  "price": "43128.90000000",
  "tid": "13851701"
},{
  "_id": {
    "$oid": "623da4f0457b0d15062ecfed"
  },
  "symbol": "BTC",
  "type": "buy",
  "date": "1648113093",
  "amount": "0.21073774",
  "price": "43130.90000000",
  "tid": "13851700"
},{
  "_id": {
    "$oid": "623da4f0457b0d15062ecfee"
  },
  "symbol": "BTC",
  "type": "sell",
  "date": "1648113059",
  "amount": "0.01735462",
  "price": "43131.00000000",
  "tid": "13851699"
},{
  "_id": {
    "$oid": "623da4f0457b0d15062ecfef"
  },
  "symbol": "BTC",
  "type": "sell",
  "date": "1648112970",
  "amount": "0.00031000",
  "price": "43131.20000000",
  "tid": "13851698"
},{
  "_id": {
    "$oid": "623da4f0457b0d15062ecff0"
  },
  "symbol": "BTC",
  "type": "sell",
  "date": "1648112963",
  "amount": "0.00030000",
  "price": "43135.00000000",
  "tid": "13851697"
},{
  "_id": {
    "$oid": "623da4f0457b0d15062ecff1"
  },
  "symbol": "BTC",
  "type": "sell",
  "date": "1648112961",
  "amount": "0.00130000",
  "price": "43135.00000000",
  "tid": "13851696"
},{
  "_id": {
    "$oid": "623da4f0457b0d15062ecff2"
  },
  "symbol": "BTC",
  "type": "sell",
  "date": "1648112961",
  "amount": "0.00188300",
  "price": "43135.00000000",
  "tid": "13851695"
},{
  "_id": {
    "$oid": "623da4f0457b0d15062ecff3"
  },
  "symbol": "BTC",
  "type": "sell",
  "date": "1648112961",
  "amount": "0.00152000",
  "price": "43135.00000000",
  "tid": "13851694"
},{
  "_id": {
    "$oid": "623da4f0457b0d15062ecff4"
  },
  "symbol": "BTC",
  "type": "sell",
  "date": "1648112960",
  "amount": "0.00080000",
  "price": "43135.00000000",
  "tid": "13851693"
},{
  "_id": {
    "$oid": "623da4f0457b0d15062ecff5"
  },
  "symbol": "BTC",
  "type": "sell",
  "date": "1648112956",
  "amount": "0.00180000",
  "price": "43135.00000000",
  "tid": "13851692"
},{
  "_id": {
    "$oid": "623da4f0457b0d15062ecff6"
  },
  "symbol": "BTC",
  "type": "sell",
  "date": "1648112876",
  "amount": "0.01543669",
  "price": "43138.90000000",
  "tid": "13851691"
},{
  "_id": {
    "$oid": "623da4f0457b0d15062ecff7"
  },
  "symbol": "BTC",
  "type": "buy",
  "date": "1648112872",
  "amount": "0.00433248",
  "price": "43141.50000000",
  "tid": "13851690"
},{
  "_id": {
    "$oid": "623da4f0457b0d15062ecff8"
  },
  "symbol": "BTC",
  "type": "buy",
  "date": "1648112824",
  "amount": "0.01735426",
  "price": "43132.90000000",
  "tid": "13851689"
},{
  "_id": {
    "$oid": "623da4f0457b0d15062ecff9"
  },
  "symbol": "BTC",
  "type": "buy",
  "date": "1648112799",
  "amount": "0.01735600",
  "price": "43124.30000000",
  "tid": "13851688"
},{
  "_id": {
    "$oid": "623da4f0457b0d15062ecffa"
  },
  "symbol": "BTC",
  "type": "buy",
  "date": "1648112781",
  "amount": "0.01083058",
  "price": "43144.50000000",
  "tid": "13851687"
},{
  "_id": {
    "$oid": "623da4f0457b0d15062ecffb"
  },
  "symbol": "BTC",
  "type": "buy",
  "date": "1648112769",
  "amount": "0.01735773",
  "price": "43115.60000000",
  "tid": "13851686"
},{
  "_id": {
    "$oid": "623da4f0457b0d15062ecffc"
  },
  "symbol": "BTC",
  "type": "sell",
  "date": "1648112669",
  "amount": "0.00177159",
  "price": "43108.80000000",
  "tid": "13851685"
},{
  "_id": {
    "$oid": "623da4f0457b0d15062ecffd"
  },
  "symbol": "BTC",
  "type": "buy",
  "date": "1648112609",
  "amount": "0.00541924",
  "price": "43113.00000000",
  "tid": "13851684"
},{
  "_id": {
    "$oid": "623da4f0457b0d15062ecffe"
  },
  "symbol": "BTC",
  "type": "buy",
  "date": "1648112551",
  "amount": "0.01877313",
  "price": "43111.60000000",
  "tid": "13851683"
},{
  "_id": {
    "$oid": "623da4f0457b0d15062ecfff"
  },
  "symbol": "BTC",
  "type": "sell",
  "date": "1648112393",
  "amount": "0.01336373",
  "price": "43084.10000000",
  "tid": "13851682"
},{
  "_id": {
    "$oid": "623da4f0457b0d15062ed000"
  },
  "symbol": "BTC",
  "type": "sell",
  "date": "1648112393",
  "amount": "0.01376227",
  "price": "43112.90000000",
  "tid": "13851681"
},{
  "_id": {
    "$oid": "623da4f0457b0d15062ed001"
  },
  "symbol": "BTC",
  "type": "sell",
  "date": "1648112393",
  "amount": "0.00359600",
  "price": "43112.90000000",
  "tid": "13851680"
},{
  "_id": {
    "$oid": "623da4f0457b0d15062ed002"
  },
  "symbol": "BTC",
  "type": "buy",
  "date": "1648112286",
  "amount": "0.00023120",
  "price": "43121.40000000",
  "tid": "13851679"
},{
  "_id": {
    "$oid": "623da4f0457b0d15062ed003"
  },
  "symbol": "BTC",
  "type": "buy",
  "date": "1648112235",
  "amount": "0.00676929",
  "price": "43118.20000000",
  "tid": "13851678"
},{
  "_id": {
    "$oid": "623da4f0457b0d15062ed004"
  },
  "symbol": "BTC",
  "type": "buy",
  "date": "1648112235",
  "amount": "0.00081705",
  "price": "43118.10000000",
  "tid": "13851677"
},{
  "_id": {
    "$oid": "623da4f0457b0d15062ed005"
  },
  "symbol": "BTC",
  "type": "sell",
  "date": "1648112213",
  "amount": "0.00620129",
  "price": "43089.50000000",
  "tid": "13851676"
},{
  "_id": {
    "$oid": "623da4f0457b0d15062ed006"
  },
  "symbol": "BTC",
  "type": "sell",
  "date": "1648112213",
  "amount": "0.01735721",
  "price": "43118.10000000",
  "tid": "13851675"
},{
  "_id": {
    "$oid": "623da4f0457b0d15062ed007"
  },
  "symbol": "BTC",
  "type": "buy",
  "date": "1648112158",
  "amount": "0.01735548",
  "price": "43121.10000000",
  "tid": "13851674"
},{
  "_id": {
    "$oid": "623da4f0457b0d15062ed008"
  },
  "symbol": "BTC",
  "type": "sell",
  "date": "1648112153",
  "amount": "0.01735374",
  "price": "43135.40000000",
  "tid": "13851673"
},{
  "_id": {
    "$oid": "623da4f0457b0d15062ed009"
  },
  "symbol": "BTC",
  "type": "buy",
  "date": "1648112063",
  "amount": "0.00422475",
