[{"type":"buy","date":"1648118473","amount":"596.117666","price":"0.83717","tid":"4889726"},{"type":"buy","date":"1648118431","amount":"596.177283","price":"0.837","tid":"4889725"},{"type":"buy","date":"1648118306","amount":"596.236907","price":"0.83683","tid":"4889724"},{"type":"buy","date":"1648118299","amount":"596.296537","price":"0.83666","tid":"4889723"},{"type":"buy","date":"1648118225","amount":"596.356172","price":"0.8365","tid":"4889722"},{"type":"buy","date":"1648118220","amount":"59.630833","price":"0.83648","tid":"4889721"},{"type":"buy","date":"1648118177","amount":"596.421778","price":"0.83631","tid":"4889720"},{"type":"buy","date":"1648118127","amount":"596.481426","price":"0.83614","tid":"4889719"},{"type":"buy","date":"1648117889","amount":"596.541080","price":"0.83598","tid":"4889718"},{"type":"buy","date":"1648117884","amount":"596.600740","price":"0.83581","tid":"4889717"},{"type":"buy","date":"1648117607","amount":"482.389851","price":"0.83564","tid":"4889716"},{"type":"buy","date":"1648117604","amount":"114.270555","price":"0.83564","tid":"4889715"},{"type":"sell","date":"1648117579","amount":"596.720078","price":"0.83552","tid":"4889714"},{"type":"buy","date":"1648117557","amount":"596.779756","price":"0.83531","tid":"4889713"},{"type":"buy","date":"1648117527","amount":"596.839440","price":"0.83514","tid":"4889712"},{"type":"buy","date":"1648117360","amount":"96.502257","price":"0.83511","tid":"4889711"},{"type":"buy","date":"1648117344","amount":"596.908781","price":"0.83495","tid":"4889710"},{"type":"sell","date":"1648117166","amount":"596.908781","price":"0.83494","tid":"4889709"},{"type":"sell","date":"1648117161","amount":"596.849090","price":"0.8351","tid":"4889708"},{"type":"sell","date":"1648117125","amount":"596.789405","price":"0.83527","tid":"4889707"},{"type":"sell","date":"1648117065","amount":"596.729726","price":"0.83544","tid":"4889706"},{"type":"buy","date":"1648116880","amount":"596.670053","price":"0.83556","tid":"4889705"},{"type":"sell","date":"1648116855","amount":"514.100000","price":"0.83564","tid":"4889704"},{"type":"sell","date":"1648116833","amount":"1963.000000","price":"0.83562","tid":"4889703"},{"type":"sell","date":"1648116833","amount":"37.000000","price":"0.836","tid":"4889702"},{"type":"buy","date":"1648116831","amount":"596.465496","price":"0.83606","tid":"4889701"},{"type":"sell","date":"1648116826","amount":"596.405850","price":"0.83635","tid":"4889700"},{"type":"sell","date":"1648116711","amount":"22.215130","price":"0.83635","tid":"4889699"},{"type":"sell","date":"1648116636","amount":"596.343988","price":"0.83652","tid":"4889698"},{"type":"sell","date":"1648116630","amount":"12.420000","price":"0.83653","tid":"4889697"},{"type":"sell","date":"1648116630","amount":"15.000000","price":"0.83653","tid":"4889696"},{"type":"buy","date":"1648116625","amount":"0.215130","price":"0.8367","tid":"4889695"},{"type":"buy","date":"1648116625","amount":"22.000000","price":"0.83665","tid":"4889694"},{"type":"sell","date":"1648116603","amount":"14.000000","price":"0.83653","tid":"4889693"},{"type":"sell","date":"1648116584","amount":"14.000000","price":"0.83654","tid":"4889692"},{"type":"sell","date":"1648116531","amount":"14.000000","price":"0.83654","tid":"4889691"},{"type":"sell","date":"1648116527","amount":"17.000000","price":"0.83656","tid":"4889690"},{"type":"sell","date":"1648116525","amount":"14.000000","price":"0.83656","tid":"4889689"},{"type":"sell","date":"1648116524","amount":"18.000000","price":"0.83656","tid":"4889688"},{"type":"sell","date":"1648116523","amount":"29.000000","price":"0.83656","tid":"4889687"},{"type":"sell","date":"1648116332","amount":"13.000000","price":"0.8366","tid":"4889686"},{"type":"sell","date":"1648116331","amount":"15.000000","price":"0.8366","tid":"4889685"},{"type":"sell","date":"1648116330","amount":"23.000000","price":"0.8366","tid":"4889684"},{"type":"sell","date":"1648116329","amount":"28.000000","price":"0.8366","tid":"4889683"},{"type":"sell","date":"1648116328","amount":"19.000000","price":"0.8366","tid":"4889682"},{"type":"sell","date":"1648116326","amount":"24.000000","price":"0.8366","tid":"4889681"},{"type":"sell","date":"1648116323","amount":"30.000000","price":"0.8366","tid":"4889680"},{"type":"sell","date":"1648116304","amount":"28.000000","price":"0.83662","tid":"4889679"},{"type":"sell","date":"1648116301","amount":"44.000000","price":"0.83662","tid":"4889678"},{"type":"buy","date":"1648116271","amount":"596.247233","price":"0.83678","tid":"4889677"},{"type":"sell","date":"1648116267","amount":"28.127608","price":"0.83696","tid":"4889676"},{"type":"sell","date":"1648116267","amount":"42.000000","price":"0.83696","tid":"4889675"},{"type":"sell","date":"1648116267","amount":"70.030000","price":"0.83696","tid":"4889674"},{"type":"sell","date":"1648116267","amount":"70.000000","price":"0.83696","tid":"4889673"},{"type":"sell","date":"1648116266","amount":"70.000000","price":"0.83696","tid":"4889672"},{"type":"sell","date":"1648116266","amount":"70.030000","price":"0.83696","tid":"4889671"},{"type":"sell","date":"1648116257","amount":"246.000000","price":"0.83696","tid":"4889670"},{"type":"buy","date":"1648116125","amount":"238.999989","price":"0.83693","tid":"4889669"},{"type":"sell","date":"1648116124","amount":"68.750235","price":"0.83752","tid":"4889668"},{"type":"sell","date":"1648116123","amount":"2476.119133","price":"0.83752","tid":"4889667"},{"type":"sell","date":"1648116123","amount":"104.000000","price":"0.83752","tid":"4889666"},{"type":"sell","date":"1648116123","amount":"24.400000","price":"0.83752","tid":"4889665"},{"type":"sell","date":"1648116123","amount":"240.000000","price":"0.83752","tid":"4889664"},{"type":"sell","date":"1648116120","amount":"130.000000","price":"0.83752","tid":"4889663"},{"type":"sell","date":"1648116119","amount":"141.000000","price":"0.83752","tid":"4889662"},{"type":"sell","date":"1648116117","amount":"214.000000","price":"0.83752","tid":"4889661"},{"type":"sell","date":"1648116113","amount":"39.788162","price":"0.83808","tid":"4889660"},{"type":"sell","date":"1648116113","amount":"18.000000","price":"0.83808","tid":"4889659"},{"type":"sell","date":"1648116113","amount":"18.000000","price":"0.83808","tid":"4889658"},{"type":"sell","date":"1648116113","amount":"18.000000","price":"0.83808","tid":"4889657"},{"type":"buy","date":"1648116112","amount":"502.000000","price":"0.83761","tid":"4889656"},{"type":"sell","date":"1648116107","amount":"349.248361","price":"0.83817","tid":"4889655"},{"type":"sell","date":"1648116107","amount":"104.000000","price":"0.83817","tid":"4889654"},{"type":"buy","date":"1648116102","amount":"117.242119","price":"0.83818","tid":"4889653"},{"type":"sell","date":"1648116089","amount":"71.510000","price":"0.83817","tid":"4889652"},{"type":"buy","date":"1648116088","amount":"297.778944","price":"0.83834","tid":"4889651"},{"type":"buy","date":"1648116088","amount":"692.000000","price":"0.83824","tid":"4889650"},{"type":"sell","date":"1648116088","amount":"71.000000","price":"0.83817","tid":"4889649"},{"type":"sell","date":"1648116083","amount":"119.000000","price":"0.83823","tid":"4889648"},{"type":"sell","date":"1648116083","amount":"119.140000","price":"0.83823","tid":"4889647"},{"type":"sell","date":"1648116058","amount":"381.674972","price":"0.8384","tid":"4889646"},{"type":"sell","date":"1648116057","amount":"95.000000","price":"0.8384","tid":"4889645"},{"type":"sell","date":"1648116056","amount":"119.000000","price":"0.8384","tid":"4889644"},{"type":"sell","date":"1648116036","amount":"119.000000","price":"0.83843","tid":"4889643"},{"type":"sell","date":"1648115924","amount":"95.000000","price":"0.83849","tid":"4889642"},{"type":"sell","date":"1648115923","amount":"119.000000","price":"0.83849","tid":"4889641"},{"type":"sell","date":"1648115891","amount":"61.000000","price":"0.83859","tid":"4889640"},{"type":"sell","date":"1648115886","amount":"76.000000","price":"0.83859","tid":"4889639"},{"type":"sell","date":"1648115871","amount":"95.000000","price":"0.83859","tid":"4889638"},{"type":"sell","date":"1648115870","amount":"119.000000","price":"0.83859","tid":"4889637"},{"type":"buy","date":"1648115845","amount":"595.547004","price":"0.83868","tid":"4889636"},{"type":"sell","date":"1648115842","amount":"52.000000","price":"0.83839","tid":"4889635"},{"type":"sell","date":"1648115842","amount":"33.410000","price":"0.83839","tid":"4889634"},{"type":"sell","date":"1648115842","amount":"3.901482","price":"0.83839","tid":"4889633"},{"type":"sell","date":"1648115842","amount":"115.098518","price":"0.83895","tid":"4889632"},{"type":"sell","date":"1648115842","amount":"52.000000","price":"0.83895","tid":"4889631"},{"type":"sell","date":"1648115841","amount":"95.290000","price":"0.83895","tid":"4889630"},{"type":"sell","date":"1648115841","amount":"95.000000","price":"0.83895","tid":"4889629"},{"type":"sell","date":"1648115841","amount":"119.090000","price":"0.83895","tid":"4889628"},{"type":"sell","date":"1648115840","amount":"119.000000","price":"0.83895","tid":"4889627"},{"type":"sell","date":"1648115774","amount":"119.000000","price":"0.83899","tid":"4889626"},{"type":"sell","date":"1648115767","amount":"71.000000","price":"0.83907","tid":"4889625"},{"type":"sell","date":"1648115766","amount":"119.000000","price":"0.83907","tid":"4889624"},{"type":"sell","date":"1648115766","amount":"119.000000","price":"0.83907","tid":"4889623"},{"type":"buy","date":"1648115755","amount":"464.000000","price":"0.83989","tid":"4889622"},{"type":"buy","date":"1648115755","amount":"2323.335660","price":"0.83853","tid":"4889621"},{"type":"buy","date":"1648115753","amount":"580.000000","price":"0.83853","tid":"4889620"},{"type":"buy","date":"1648115752","amount":"725.000000","price":"0.83853","tid":"4889619"},{"type":"buy","date":"1648115751","amount":"906.000000","price":"0.83853","tid":"4889618"},{"type":"buy","date":"1648115747","amount":"787.000000","price":"0.83852","tid":"4889617"},{"type":"buy","date":"1648115747","amount":"2406.615656","price":"0.83734","tid":"4889616"},{"type":"buy","date":"1648115747","amount":"787.000000","price":"0.83734","tid":"4889615"},{"type":"buy","date":"1648115747","amount":"744.096890","price":"0.83734","tid":"4889614"},{"type":"buy","date":"1648115745","amount":"228.000000","price":"0.83733","tid":"4889613"},{"type":"buy","date":"1648115745","amount":"1140.751745","price":"0.83631","tid":"4889612"},{"type":"buy","date":"1648115745","amount":"680.000000","price":"0.83631","tid":"4889611"},{"type":"buy","date":"1648115744","amount":"1580.000000","price":"0.83631","tid":"4889610"},{"type":"buy","date":"1648115744","amount":"596.623113","price":"0.83575","tid":"4889609"},{"type":"buy","date":"1648115645","amount":"596.682781","price":"0.83558","tid":"4889608"},{"type":"buy","date":"1648115603","amount":"596.742455","price":"0.83541","tid":"4889607"},{"type":"sell","date":"1648115578","amount":"596.802135","price":"0.83527","tid":"4889606"},{"type":"buy","date":"1648115575","amount":"12.400000","price":"0.83542","tid":"4889605"},{"type":"buy","date":"1648115574","amount":"670.000000","price":"0.83542","tid":"4889604"},{"type":"buy","date":"1648115574","amount":"15.500000","price":"0.83542","tid":"4889603"},{"type":"buy","date":"1648115574","amount":"19.370000","price":"0.83542","tid":"4889602"},{"type":"buy","date":"1648115573","amount":"24.220000","price":"0.83542","tid":"4889601"},{"type":"buy","date":"1648115573","amount":"13.000000","price":"0.83542","tid":"4889600"},{"type":"buy","date":"1648115572","amount":"13.000000","price":"0.83542","tid":"4889599"},{"type":"buy","date":"1648115571","amount":"50.218578","price":"0.83486","tid":"4889598"},{"type":"buy","date":"1648115571","amount":"18.630000","price":"0.83486","tid":"4889597"},{"type":"buy","date":"1648115569","amount":"17.000000","price":"0.83486","tid":"4889596"},{"type":"buy","date":"1648115568","amount":"13.000000","price":"0.83486","tid":"4889595"},{"type":"buy","date":"1648115568","amount":"28.460000","price":"0.83486","tid":"4889594"},{"type":"buy","date":"1648115568","amount":"15.000000","price":"0.83486","tid":"4889593"},{"type":"buy","date":"1648115567","amount":"19.000000","price":"0.83486","tid":"4889592"},{"type":"buy","date":"1648115567","amount":"58.000000","price":"0.83486","tid":"4889591"},{"type":"buy","date":"1648115567","amount":"48.710000","price":"0.83486","tid":"4889590"},{"type":"buy","date":"1648115567","amount":"24.000000","price":"0.83486","tid":"4889589"},{"type":"buy","date":"1648115567","amount":"18.000000","price":"0.83486","tid":"4889588"},{"type":"buy","date":"1648115566","amount":"60.890000","price":"0.83486","tid":"4889587"},{"type":"buy","date":"1648115565","amount":"76.120000","price":"0.83486","tid":"4889586"},{"type":"buy","date":"1648115565","amount":"23.000000","price":"0.83486","tid":"4889585"},{"type":"buy","date":"1648115565","amount":"98.910000","price":"0.83486","tid":"4889584"},{"type":"buy","date":"1648115561","amount":"28.000000","price":"0.83486","tid":"4889583"},{"type":"sell","date":"1648115514","amount":"9.538578","price":"0.83485","tid":"4889582"},{"type":"sell","date":"1648115500","amount":"587.400000","price":"0.83485","tid":"4889581"},{"type":"sell","date":"1648115496","amount":"596.878884","price":"0.83502","tid":"4889580"},{"type":"buy","date":"1648115384","amount":"93.154687","price":"0.83517","tid":"4889579"},{"type":"sell","date":"1648115373","amount":"1514.984655","price":"0.83555","tid":"4889578"},{"type":"sell","date":"1648115373","amount":"1580.000000","price":"0.83555","tid":"4889577"},{"type":"sell","date":"1648115373","amount":"307.278092","price":"0.83555","tid":"4889576"},{"type":"sell","date":"1648115365","amount":"596.488286","price":"0.83612","tid":"4889575"},{"type":"sell","date":"1648115181","amount":"180.000000","price":"0.83617","tid":"4889574"},{"type":"sell","date":"1648115150","amount":"596.410637","price":"0.83633","tid":"4889573"},{"type":"sell","date":"1648115138","amount":"102.270147","price":"0.83638","tid":"4889572"},{"type":"buy","date":"1648115074","amount":"471.113608","price":"0.83638","tid":"4889571"},{"type":"buy","date":"1648115063","amount":"471.174887","price":"0.83625","tid":"4889570"},{"type":"buy","date":"1648115045","amount":"345.808132","price":"0.83662","tid":"4889569"},{"type":"buy","date":"1648115045","amount":"596.504875","price":"0.83608","tid":"4889568"},{"type":"sell","date":"1648115032","amount":"50.000000","price":"0.83592","tid":"4889567"},{"type":"sell","date":"1648114950","amount":"1985.000000","price":"0.836","tid":"4889566"},{"type":"sell","date":"1648114936","amount":"596.499875","price":"0.83608","tid":"4889565"},{"type":"sell","date":"1648114907","amount":"240.049291","price":"0.83664","tid":"4889564"},{"type":"sell","date":"1648114907","amount":"1580.000000","price":"0.83664","tid":"4889563"},{"type":"sell","date":"1648114906","amount":"1580.000000","price":"0.83664","tid":"4889562"},{"type":"sell","date":"1648114903","amount":"581.100220","price":"0.8372","tid":"4889561"},{"type":"buy","date":"1648114896","amount":"15.000000","price":"0.83675","tid":"4889560"},{"type":"sell","date":"1648114891","amount":"12.471904","price":"0.83674","tid":"4889559"},{"type":"sell","date":"1648114891","amount":"237.764148","price":"0.83777","tid":"4889558"},{"type":"sell","date":"1648114891","amount":"1580.000000","price":"0.83777","tid":"4889557"},{"type":"sell","date":"1648114891","amount":"1580.000000","price":"0.83777","tid":"4889556"},{"type":"sell","date":"1648114876","amount":"595.699587","price":"0.83833","tid":"4889555"},{"type":"sell","date":"1648114870","amount":"19.000000","price":"0.83834","tid":"4889554"},{"type":"sell","date":"1648114856","amount":"21.680000","price":"0.83837","tid":"4889553"},{"type":"sell","date":"1648114856","amount":"30.000000","price":"0.83837","tid":"4889552"},{"type":"sell","date":"1648114856","amount":"29.000000","price":"0.83837","tid":"4889551"},{"type":"sell","date":"1648114849","amount":"26.000000","price":"0.83837","tid":"4889550"},{"type":"buy","date":"1648114814","amount":"23.793905","price":"0.83845","tid":"4889549"},{"type":"sell","date":"1648114813","amount":"35.000000","price":"0.83839","tid":"4889548"},{"type":"sell","date":"1648114812","amount":"51.000000","price":"0.83839","tid":"4889547"},{"type":"sell","date":"1648114803","amount":"110.000000","price":"0.83849","tid":"4889546"},{"type":"sell","date":"1648114802","amount":"67.000000","price":"0.83849","tid":"4889545"},{"type":"sell","date":"1648114799","amount":"92.000000","price":"0.83849","tid":"4889544"},{"type":"sell","date":"1648114795","amount":"89.000000","price":"0.83849","tid":"4889543"},{"type":"sell","date":"1648114774","amount":"68.000000","price":"0.83804","tid":"4889542"},{"type":"sell","date":"1648114774","amount":"1888.002896","price":"0.83905","tid":"4889541"},{"type":"sell","date":"1648114774","amount":"85.000000","price":"0.83905","tid":"4889540"},{"type":"sell","date":"1648114773","amount":"434.160000","price":"0.83905","tid":"4889539"},{"type":"sell","date":"1648114773","amount":"215.000000","price":"0.83905","tid":"4889538"},{"type":"sell","date":"1648114773","amount":"334.000000","price":"0.83905","tid":"4889537"},{"type":"sell","date":"1648114773","amount":"325.000000","price":"0.83905","tid":"4889536"},{"type":"sell","date":"1648114770","amount":"24.000000","price":"0.83905","tid":"4889535"},{"type":"sell","date":"1648114770","amount":"61.000000","price":"0.83905","tid":"4889534"},{"type":"sell","date":"1648114770","amount":"29.000000","price":"0.83905","tid":"4889533"},{"type":"sell","date":"1648114770","amount":"66.403532","price":"0.83962","tid":"4889532"},{"type":"sell","date":"1648114770","amount":"24.000000","price":"0.83962","tid":"4889531"},{"type":"sell","date":"1648114770","amount":"29.840000","price":"0.83962","tid":"4889530"},{"type":"sell","date":"1648114770","amount":"29.000000","price":"0.83962","tid":"4889529"},{"type":"sell","date":"1648114769","amount":"95.000000","price":"0.83962","tid":"4889528"},{"type":"sell","date":"1648114769","amount":"61.000000","price":"0.83962","tid":"4889527"},{"type":"sell","date":"1648114767","amount":"76.000000","price":"0.83962","tid":"4889526"},{"type":"sell","date":"1648114766","amount":"95.000000","price":"0.83962","tid":"4889525"},{"type":"sell","date":"1648114764","amount":"119.000000","price":"0.83962","tid":"4889524"},{"type":"buy","date":"1648114696","amount":"25.835560","price":"0.83973","tid":"4889523"},{"type":"buy","date":"1648114695","amount":"32.00000000","price":"0.83973000","tid":"4889522"},{"type":"buy","date":"1648114695","amount":"14.50000000","price":"0.83973000","tid":"4889521"},{"type":"buy","date":"1648114694","amount":"95.00000000","price":"0.83973000","tid":"4889520"},{"type":"buy","date":"1648114694","amount":"40.00000000","price":"0.83973000","tid":"4889519"},{"type":"buy","date":"1648114694","amount":"18.13000000","price":"0.83973000","tid":"4889518"},{"type":"buy","date":"1648114656","amount":"686.45750900","price":"0.83916000","tid":"4889517"},{"type":"buy","date":"1648114656","amount":"2689.50759100","price":"0.83916000","tid":"4889516"},{"type":"buy","date":"1648114653","amount":"19.00000000","price":"0.83916000","tid":"4889515"},{"type":"buy","date":"1648114652","amount":"82.10791200","price":"0.83860000","tid":"4889514"},{"type":"sell","date":"1648114652","amount":"513.50000000","price":"0.83878000","tid":"4889513"},{"type":"buy","date":"1648114651","amount":"23.00000000","price":"0.83892000","tid":"4889512"},{"type":"buy","date":"1648114649","amount":"36.00000000","price":"0.83892000","tid":"4889511"},{"type":"buy","date":"1648114647","amount":"45.00000000","price":"0.83892000","tid":"4889510"},{"type":"buy","date":"1648114646","amount":"56.00000000","price":"0.83892000","tid":"4889509"},{"type":"buy","date":"1648114644","amount":"71.00000000","price":"0.83892000","tid":"4889508"},{"type":"buy","date":"1648114643","amount":"52.82000000","price":"0.83892000","tid":"4889507"},{"type":"buy","date":"1648114643","amount":"88.00000000","price":"0.83892000","tid":"4889506"},{"type":"buy","date":"1648114642","amount":"66.03000000","price":"0.83892000","tid":"4889505"},{"type":"buy","date":"1648114640","amount":"107.00000000","price":"0.83892000","tid":"4889504"},{"type":"buy","date":"1648114639","amount":"750.02160900","price":"0.83857000","tid":"4889503"},{"type":"buy","date":"1648114639","amount":"140.00000000","price":"0.83857000","tid":"4889502"},{"type":"buy","date":"1648114639","amount":"2403.75106500","price":"0.83857000","tid":"4889501"},{"type":"buy","date":"1648114638","amount":"2597.94763500","price":"0.83857000","tid":"4889500"},{"type":"buy","date":"1648114638","amount":"2633.63841200","price":"0.83857000","tid":"4889499"},{"type":"buy","date":"1648114637","amount":"2621.44681800","price":"0.83857000","tid":"4889498"},{"type":"buy","date":"1648114637","amount":"100.00000000","price":"0.83857000","tid":"4889497"},{"type":"buy","date":"1648114636","amount":"2354.00000000","price":"0.83850000","tid":"4889496"},{"type":"buy","date":"1648114633","amount":"2319.84890600","price":"0.83789000","tid":"4889495"},{"type":"buy","date":"1648114633","amount":"74.00000000","price":"0.83789000","tid":"4889494"},{"type":"buy","date":"1648114633","amount":"658.00000000","price":"0.83789000","tid":"4889493"},{"type":"buy","date":"1648114631","amount":"125.20000000","price":"0.83789000","tid":"4889492"},{"type":"buy","date":"1648114628","amount":"156.49000000","price":"0.83789000","tid":"4889491"},{"type":"buy","date":"1648114628","amount":"18.00000000","price":"0.83789000","tid":"4889490"},{"type":"buy","date":"1648114627","amount":"46.00000000","price":"0.83789000","tid":"4889489"},{"type":"buy","date":"1648114627","amount":"49.44945700","price":"0.83733000","tid":"4889488"},{"type":"buy","date":"1648114627","amount":"46.00000000","price":"0.83733000","tid":"4889487"},{"type":"buy","date":"1648114627","amount":"88.61000000","price":"0.83733000","tid":"4889486"},{"type":"buy","date":"1648114627","amount":"22.00000000","price":"0.83733000","tid":"4889485"},{"type":"buy","date":"1648114626","amount":"28.00000000","price":"0.83733000","tid":"4889484"},{"type":"buy","date":"1648114626","amount":"35.00000000","price":"0.83733000","tid":"4889483"},{"type":"buy","date":"1648114625","amount":"77.00000000","price":"0.83733000","tid":"4889482"},{"type":"buy","date":"1648114625","amount":"43.00000000","price":"0.83733000","tid":"4889481"},{"type":"buy","date":"1648114624","amount":"54.00000000","price":"0.83733000","tid":"4889480"},{"type":"buy","date":"1648114623","amount":"68.00000000","price":"0.83733000","tid":"4889479"},{"type":"buy","date":"1648114621","amount":"85.00000000","price":"0.83733000","tid":"4889478"},{"type":"buy","date":"1648114591","amount":"579.05945700","price":"0.83698000","tid":"4889477"},{"type":"buy","date":"1648114591","amount":"17.00000000","price":"0.83696000","tid":"4889476"},{"type":"sell","date":"1648114587","amount":"16.00000000","price":"0.83695000","tid":"4889475"},{"type":"sell","date":"1648114585","amount":"27.00000000","price":"0.83695000","tid":"4889474"},{"type":"sell","date":"1648114584","amount":"33.00000000","price":"0.83695000","tid":"4889473"},{"type":"sell","date":"1648114580","amount":"595.99225100","price":"0.83751000","tid":"4889472"},{"type":"sell","date":"1648114574","amount":"14.00000000","price":"0.83759000","tid":"4889471"},{"type":"sell","date":"1648114570","amount":"21.00000000","price":"0.83759000","tid":"4889470"},{"type":"sell","date":"1648114570","amount":"25.00000000","price":"0.83759000","tid":"4889469"},{"type":"sell","date":"1648114566","amount":"27.00000000","price":"0.83759000","tid":"4889468"},{"type":"sell","date":"1648114565","amount":"106.91000000","price":"0.83759000","tid":"4889467"},{"type":"sell","date":"1648114565","amount":"85.00000000","price":"0.83759000","tid":"4889466"},{"type":"sell","date":"1648114560","amount":"1648.41683700","price":"0.83815000","tid":"4889465"},{"type":"sell","date":"1648114559","amount":"210.00000000","price":"0.83815000","tid":"4889464"},{"type":"sell","date":"1648114559","amount":"91.00000000","price":"0.83815000","tid":"4889463"},{"type":"sell","date":"1648114559","amount":"123.28000000","price":"0.83815000","tid":"4889462"},{"type":"sell","date":"1648114559","amount":"301.00000000","price":"0.83815000","tid":"4889461"},{"type":"sell","date":"1648114559","amount":"168.00000000","price":"0.83815000","tid":"4889460"},{"type":"sell","date":"1648114559","amount":"245.30000000","price":"0.83815000","tid":"4889459"},{"type":"sell","date":"1648114559","amount":"210.00000000","price":"0.83815000","tid":"4889458"},{"type":"sell","date":"1648114556","amount":"59.00000000","price":"0.83815000","tid":"4889457"},{"type":"sell","date":"1648114537","amount":"341.00000000","price":"0.83815000","tid":"4889456"},{"type":"buy","date":"1648114536","amount":"595.56506100","price":"0.83834000","tid":"4889455"},{"type":"buy","date":"1648114528","amount":"500.50550400","price":"0.83844000","tid":"4889454"},{"type":"buy","date":"1648114528","amount":"95.00000000","price":"0.83842000","tid":"4889453"},{"type":"sell","date":"1648114526","amount":"1000.00000000","price":"0.83940000","tid":"4889452"},{"type":"sell","date":"1648114525","amount":"472.75137700","price":"0.83944000","tid":"4889451"},{"type":"sell","date":"1648114524","amount":"132.00000000","price":"0.83944000","tid":"4889450"},{"type":"sell","date":"1648114524","amount":"1580.00000000","price":"0.83944000","tid":"4889449"},{"type":"sell","date":"1648114523","amount":"122.00000000","price":"0.83944000","tid":"4889448"},{"type":"sell","date":"1648114523","amount":"614.00000000","price":"0.83944000","tid":"4889447"},{"type":"sell","date":"1648114523","amount":"153.63000000","price":"0.83944000","tid":"4889446"},{"type":"sell","date":"1648114521","amount":"160.00000000","price":"0.83944000","tid":"4889445"},{"type":"sell","date":"1648114520","amount":"160.00000000","price":"0.83944000","tid":"4889444"},{"type":"sell","date":"1648114520","amount":"800.00000000","price":"0.83999000","tid":"4889443"},{"type":"sell","date":"1648114519","amount":"200.00000000","price":"0.83999000","tid":"4889442"},{"type":"sell","date":"1648114518","amount":"206.88651600","price":"0.84000000","tid":"4889441"},{"type":"sell","date":"1648114518","amount":"68.00000000","price":"0.84000000","tid":"4889440"},{"type":"sell","date":"1648114518","amount":"68.00000000","price":"0.84000000","tid":"4889439"},{"type":"sell","date":"1648114517","amount":"114.00000000","price":"0.84000000","tid":"4889438"},{"type":"sell","date":"1648114516","amount":"114.22000000","price":"0.84000000","tid":"4889437"},{"type":"sell","date":"1648114496","amount":"24.00000000","price":"0.84000000","tid":"4889436"},{"type":"buy","date":"1648114327","amount":"18.00000000","price":"0.84015000","tid":"4889435"},{"type":"buy","date":"1648114326","amount":"22.00000000","price":"0.84015000","tid":"4889434"},{"type":"buy","date":"1648114325","amount":"27.00000000","price":"0.84015000","tid":"4889433"},{"type":"buy","date":"1648114324","amount":"34.00000000","price":"0.84015000","tid":"4889432"},{"type":"buy","date":"1648114318","amount":"18.00000000","price":"0.84013000","tid":"4889431"},{"type":"buy","date":"1648114317","amount":"22.00000000","price":"0.84013000","tid":"4889430"},{"type":"buy","date":"1648114316","amount":"28.00000000","price":"0.84013000","tid":"4889429"},{"type":"buy","date":"1648114299","amount":"50.20000000","price":"0.84000000","tid":"4889428"},{"type":"buy","date":"1648114186","amount":"13.00000000","price":"0.84000000","tid":"4889427"},{"type":"buy","date":"1648114152","amount":"15.00000000","price":"0.84000000","tid":"4889426"},{"type":"buy","date":"1648114130","amount":"19.00000000","price":"0.84000000","tid":"4889425"},{"type":"buy","date":"1648114125","amount":"48.00000000","price":"0.84000000","tid":"4889424"},{"type":"buy","date":"1648114123","amount":"244.12341700","price":"0.83996000","tid":"4889423"},{"type":"buy","date":"1648114122","amount":"61.00000000","price":"0.83996000","tid":"4889422"},{"type":"buy","date":"1648114121","amount":"76.00000000","price":"0.83996000","tid":"4889421"},{"type":"buy","date":"1648114114","amount":"95.00000000","price":"0.83996000","tid":"4889420"},{"type":"buy","date":"1648114113","amount":"119.00000000","price":"0.83996000","tid":"4889419"},{"type":"buy","date":"1648114106","amount":"95.00000000","price":"0.83990000","tid":"4889418"},{"type":"buy","date":"1648114105","amount":"119.00000000","price":"0.83990000","tid":"4889417"},{"type":"buy","date":"1648114028","amount":"71.00000000","price":"0.83988000","tid":"4889416"},{"type":"buy","date":"1648114022","amount":"25.00000000","price":"0.83985000","tid":"4889415"},{"type":"buy","date":"1648114013","amount":"32.00000000","price":"0.83985000","tid":"4889414"},{"type":"buy","date":"1648114008","amount":"60.00000000","price":"0.83985000","tid":"4889413"},{"type":"buy","date":"1648114003","amount":"41.00000000","price":"0.83981000","tid":"4889412"},{"type":"buy","date":"1648114000","amount":"119.00000000","price":"0.83981000","tid":"4889411"},{"type":"buy","date":"1648113970","amount":"253.89113200","price":"0.83973000","tid":"4889410"},{"type":"buy","date":"1648113970","amount":"21.50000000","price":"0.83973000","tid":"4889409"},{"type":"sell","date":"1648113944","amount":"32.75000000","price":"0.83960000","tid":"4889408"},{"type":"buy","date":"1648113937","amount":"325.26668300","price":"0.83956000","tid":"4889407"},{"type":"buy","date":"1648113933","amount":"270.00000000","price":"0.83956000","tid":"4889406"},{"type":"buy","date":"1648113898","amount":"35.80489500","price":"0.83955000","tid":"4889405"},{"type":"buy","date":"1648113865","amount":"25.00000000","price":"0.83954000","tid":"4889404"},{"type":"buy","date":"1648113659","amount":"595.33229700","price":"0.83938000","tid":"4889403"},{"type":"sell","date":"1648113597","amount":"2403.00000000","price":"0.83926000","tid":"4889402"},{"type":"sell","date":"1648113597","amount":"97.00000000","price":"0.83932000","tid":"4889401"},{"type":"buy","date":"1648113187","amount":"198.13658600","price":"0.83932000","tid":"4889400"},{"type":"buy","date":"1648113108","amount":"595.41165200","price":"0.83915000","tid":"4889399"},{"type":"buy","date":"1648113058","amount":"28.81604100","price":"0.83913000","tid":"4889398"},{"type":"buy","date":"1648112946","amount":"93.90678500","price":"0.83913000","tid":"4889397"},{"type":"buy","date":"1648112908","amount":"17.00000000","price":"0.83911000","tid":"4889396"},{"type":"buy","date":"1648112896","amount":"26.00000000","price":"0.83911000","tid":"4889395"},{"type":"buy","date":"1648112888","amount":"33.00000000","price":"0.83903000","tid":"4889394"},{"type":"buy","date":"1648112887","amount":"41.00000000","price":"0.83903000","tid":"4889393"},{"type":"buy","date":"1648112884","amount":"52.00000000","price":"0.83903000","tid":"4889392"},{"type":"buy","date":"1648112881","amount":"65.00000000","price":"0.83903000","tid":"4889391"},{"type":"buy","date":"1648112875","amount":"95.00000000","price":"0.83903000","tid":"4889390"},{"type":"buy","date":"1648112869","amount":"35.00000000","price":"0.83902000","tid":"4889389"},{"type":"buy","date":"1648112836","amount":"73.00000000","price":"0.83898000","tid":"4889388"},{"type":"buy","date":"1648112833","amount":"82.97057700","price":"0.83898000","tid":"4889387"},{"type":"buy","date":"1648112833","amount":"36.02942300","price":"0.83892000","tid":"4889386"},{"type":"buy","date":"1648112769","amount":"595.53259300","price":"0.83881000","tid":"4889385"},{"type":"sell","date":"1648112750","amount":"255.35400000","price":"0.83863000","tid":"4889384"},{"type":"sell","date":"1648112750","amount":"140.00000000","price":"0.83875000","tid":"4889383"},{"type":"buy","date":"1648112747","amount":"62.00000000","price":"0.83879000","tid":"4889382"},{"type":"buy","date":"1648112738","amount":"104.00000000","price":"0.83876000","tid":"4889381"},{"type":"buy","date":"1648112707","amount":"13.00000000","price":"0.83876000","tid":"4889380"},{"type":"buy","date":"1648112699","amount":"72.00000000","price":"0.83874000","tid":"4889379"},{"type":"buy","date":"1648112686","amount":"95.00000000","price":"0.83869000","tid":"4889378"},{"type":"buy","date":"1648112684","amount":"100.00000000","price":"0.83869000","tid":"4889377"},{"type":"buy","date":"1648112675","amount":"15.00000000","price":"0.83868000","tid":"4889376"},{"type":"buy","date":"1648112658","amount":"53.63825600","price":"0.83851000","tid":"4889375"},{"type":"buy","date":"1648112655","amount":"18.00000000","price":"0.83851000","tid":"4889374"},{"type":"buy","date":"1648112655","amount":"83.00000000","price":"0.83851000","tid":"4889373"},{"type":"buy","date":"1648112654","amount":"76.00000000","price":"0.83851000","tid":"4889372"},{"type":"buy","date":"1648112652","amount":"92.00000000","price":"0.83851000","tid":"4889371"},{"type":"buy","date":"1648112650","amount":"93.00000000","price":"0.83851000","tid":"4889370"},{"type":"buy","date":"1648112649","amount":"109.00000000","price":"0.83851000","tid":"4889369"},{"type":"buy","date":"1648112649","amount":"23.00000000","price":"0.83851000","tid":"4889368"},{"type":"sell","date":"1648112630","amount":"48.00000000","price":"0.83865000","tid":"4889367"},{"type":"buy","date":"1648112599","amount":"595.69782600","price":"0.83835000","tid":"4889366"},{"type":"buy","date":"1648112594","amount":"29.00000000","price":"0.83834000","tid":"4889365"},{"type":"buy","date":"1648112575","amount":"67.00000000","price":"0.83824000","tid":"4889364"},{"type":"buy","date":"1648112574","amount":"36.00000000","price":"0.83824000","tid":"4889363"},{"type":"buy","date":"1648112573","amount":"95.00000000","price":"0.83824000","tid":"4889362"},{"type":"buy","date":"1648112573","amount":"44.00000000","price":"0.83824000","tid":"4889361"},{"type":"buy","date":"1648112565","amount":"119.00000000","price":"0.83824000","tid":"4889360"},{"type":"buy","date":"1648112553","amount":"95.00000000","price":"0.83818000","tid":"4889359"},{"type":"buy","date":"1648112544","amount":"119.00000000","price":"0.83818000","tid":"4889358"},{"type":"buy","date":"1648112537","amount":"95.00000000","price":"0.83810000","tid":"4889357"},{"type":"buy","date":"1648112537","amount":"56.00000000","price":"0.83810000","tid":"4889356"},{"type":"buy","date":"1648112531","amount":"119.00000000","price":"0.83810000","tid":"4889355"},{"type":"buy","date":"1648112526","amount":"103.00000000","price":"0.83806000","tid":"4889354"},{"type":"buy","date":"1648112524","amount":"13.00000000","price":"0.83806000","tid":"4889353"},{"type":"buy","date":"1648112520","amount":"13.00000000","price":"0.83806000","tid":"4889352"},{"type":"buy","date":"1648112483","amount":"39.00000000","price":"0.83804000","tid":"4889351"},{"type":"buy","date":"1648112483","amount":"16.00000000","price":"0.83804000","tid":"4889350"},{"type":"buy","date":"1648112483","amount":"20.00000000","price":"0.83804000","tid":"4889349"},{"type":"buy","date":"1648112469","amount":"39.00000000","price":"0.83802000","tid":"4889348"},{"type":"buy","date":"1648112465","amount":"15.80000000","price":"0.83802000","tid":"4889347"},{"type":"buy","date":"1648112460","amount":"19.75000000","price":"0.83802000","tid":"4889346"},{"type":"buy","date":"1648112454","amount":"67.00000000","price":"0.83800000","tid":"4889345"},{"type":"buy","date":"1648112437","amount":"84.00000000","price":"0.83798000","tid":"4889344"},{"type":"buy","date":"1648112084","amount":"595.88777000","price":"0.83781000","tid":"4889343"},{"type":"buy","date":"1648112080","amount":"17.00000000","price":"0.83779000","tid":"4889342"},{"type":"buy","date":"1648112079","amount":"22.00000000","price":"0.83779000","tid":"4889341"},{"type":"buy","date":"1648112079","amount":"27.00000000","price":"0.83779000","tid":"4889340"},{"type":"buy","date":"1648111973","amount":"166.52957400","price":"0.83759000","tid":"4889339"},{"type":"buy","date":"1648111972","amount":"24.62000000","price":"0.83759000","tid":"4889338"},{"type":"buy","date":"1648111969","amount":"24.00000000","price":"0.83759000","tid":"4889337"},{"type":"buy","date":"1648111965","amount":"32.00000000","price":"0.83759000","tid":"4889336"},{"type":"buy","date":"1648111961","amount":"13.03229700","price":"0.83759000","tid":"4889335"},{"type":"buy","date":"1648111959","amount":"64.00000000","price":"0.83759000","tid":"4889334"},{"type":"buy","date":"1648111957","amount":"80.00000000","price":"0.83759000","tid":"4889333"},{"type":"buy","date":"1648111948","amount":"595.87771700","price":"0.83757000","tid":"4889332"},{"type":"sell","date":"1648111924","amount":"595.81812900","price":"0.83800000","tid":"4889331"},{"type":"sell","date":"1648111790","amount":"106.00000000","price":"0.83763000","tid":"4889330"},{"type":"sell","date":"1648111790","amount":"595.74794800","price":"0.83819000","tid":"4889329"},{"type":"sell","date":"1648111767","amount":"61.00000000","price":"0.83821000","tid":"4889328"},{"type":"sell","date":"1648111759","amount":"119.13000000","price":"0.83785000","tid":"4889327"},{"type":"sell","date":"1648111759","amount":"595.67036000","price":"0.83841000","tid":"4889326"},{"type":"buy","date":"1648111505","amount":"595.67036000","price":"0.83842000","tid":"4889325"},{"type":"buy","date":"1648111500","amount":"18.22000000","price":"0.83842000","tid":"4889324"},{"type":"buy","date":"1648111439","amount":"118.97946000","price":"0.83838000","tid":"4889323"},{"type":"buy","date":"1648111336","amount":"1451.24408300","price":"0.83877000","tid":"4889322"},{"type":"buy","date":"1648111336","amount":"595.74365400","price":"0.83822000","tid":"4889321"},{"type":"buy","date":"1648111259","amount":"467.74771000","price":"0.83808000","tid":"4889320"},{"type":"buy","date":"1648111202","amount":"38.17103500","price":"0.83807000","tid":"4889319"},{"type":"buy","date":"1648111193","amount":"629.30489400","price":"0.83829000","tid":"4889318"},{"type":"buy","date":"1648111193","amount":"559.80676800","price":"0.83773000","tid":"4889317"},{"type":"buy","date":"1648111189","amount":"15.00000000","price":"0.83773000","tid":"4889316"},{"type":"buy","date":"1648111189","amount":"21.11000000","price":"0.83773000","tid":"4889315"},{"type":"buy","date":"1648111067","amount":"1819.00291200","price":"0.83717000","tid":"4889314"},{"type":"buy","date":"1648111067","amount":"1580.00000000","price":"0.83717000","tid":"4889313"},{"type":"buy","date":"1648111064","amount":"596.31630000","price":"0.83661000","tid":"4889312"},{"type":"buy","date":"1648111047","amount":"18.00000000","price":"0.83659000","tid":"4889311"},{"type":"buy","date":"1648111046","amount":"26.00000000","price":"0.83659000","tid":"4889310"},{"type":"buy","date":"1648111046","amount":"32.00000000","price":"0.83659000","tid":"4889309"},{"type":"buy","date":"1648110905","amount":"589.05337100","price":"0.83697000","tid":"4889308"},{"type":"buy","date":"1648110905","amount":"596.38353800","price":"0.83642000","tid":"4889307"},{"type":"buy","date":"1648110850","amount":"596.44318300","price":"0.83625000","tid":"4889306"},{"type":"sell","date":"1648110746","amount":"596.50283300","price":"0.83608000","tid":"4889305"},{"type":"buy","date":"1648110741","amount":"596.56248900","price":"0.83592000","tid":"4889304"},{"type":"sell","date":"1648110660","amount":"596.62215100","price":"0.83582000","tid":"4889303"},{"type":"buy","date":"1648110637","amount":"596.68182000","price":"0.83558000","tid":"4889302"},{"type":"buy","date":"1648110630","amount":"596.74149400","price":"0.83542000","tid":"4889301"},{"type":"buy","date":"1648110402","amount":"596.80117400","price":"0.83525000","tid":"4889300"},{"type":"buy","date":"1648110313","amount":"514.50000000","price":"0.83514000","tid":"4889299"},{"type":"sell","date":"1648110307","amount":"596.74972400","price":"0.83538000","tid":"4889298"},{"type":"buy","date":"1648110016","amount":"64.00000000","price":"0.83516000","tid":"4889297"},{"type":"sell","date":"1648110011","amount":"3365.83694500","price":"0.83596000","tid":"4889296"},{"type":"sell","date":"1648110010","amount":"13.35000000","price":"0.83596000","tid":"4889295"},{"type":"sell","date":"1648110009","amount":"22.25000000","price":"0.83596000","tid":"4889294"},{"type":"sell","date":"1648110008","amount":"596.34350500","price":"0.83652000","tid":"4889293"},{"type":"sell","date":"1648109970","amount":"14.82000000","price":"0.83655000","tid":"4889292"},{"type":"sell","date":"1648109960","amount":"26.00000000","price":"0.83655000","tid":"4889291"},{"type":"sell","date":"1648109960","amount":"33.27000000","price":"0.83655000","tid":"4889290"},{"type":"sell","date":"1648109959","amount":"33.00000000","price":"0.83655000","tid":"4889289"},{"type":"sell","date":"1648109954","amount":"41.59000000","price":"0.83656000","tid":"4889288"},{"type":"buy","date":"1648109740","amount":"596.32863600","price":"0.83657000","tid":"4889287"},{"type":"sell","date":"1648109681","amount":"596.38827500","price":"0.83647000","tid":"4889286"},{"type":"buy","date":"1648109678","amount":"596.44791900","price":"0.83624000","tid":"4889285"},{"type":"buy","date":"1648109610","amount":"477.20757000","price":"0.83607000","tid":"4889284"},{"type":"buy","date":"1648109609","amount":"119.30000000","price":"0.83607000","tid":"4889283"},{"type":"sell","date":"1648109573","amount":"37.00000000","price":"0.83591000","tid":"4889282"},{"type":"buy","date":"1648109173","amount":"596.50757000","price":"0.83604000","tid":"4889281"},{"type":"buy","date":"1648109149","amount":"596.44791900","price":"0.83621000","tid":"4889280"},{"type":"sell","date":"1648109146","amount":"596.38827500","price":"0.83640000","tid":"4889279"},{"type":"sell","date":"1648108675","amount":"265.99004300","price":"0.83647000","tid":"4889278"},{"type":"sell","date":"1648108671","amount":"596.30203700","price":"0.83664000","tid":"4889277"},{"type":"sell","date":"1648108594","amount":"55.92589100","price":"0.83665000","tid":"4889276"},{"type":"sell","date":"1648108336","amount":"596.23681400","price":"0.83682000","tid":"4889275"},{"type":"buy","date":"1648108106","amount":"570.80206500","price":"0.83684000","tid":"4889274"},{"type":"buy","date":"1648108079","amount":"596.29390000","price":"0.83667000","tid":"4889273"},{"type":"buy","date":"1648108018","amount":"25.00000000","price":"0.83652000","tid":"4889272"},{"type":"sell","date":"1648107996","amount":"12.53000000","price":"0.83650000","tid":"4889271"},{"type":"sell","date":"1648107991","amount":"20.67000000","price":"0.83651000","tid":"4889270"},{"type":"sell","date":"1648107991","amount":"20.00000000","price":"0.83651000","tid":"4889269"},{"type":"sell","date":"1648107981","amount":"28.00000000","price":"0.83612000","tid":"4889268"},{"type":"sell","date":"1648107980","amount":"452.28578000","price":"0.83668000","tid":"4889267"},{"type":"sell","date":"1648107980","amount":"48.00000000","price":"0.83668000","tid":"4889266"},{"type":"sell","date":"1648107980","amount":"48.00000000","price":"0.83668000","tid":"4889265"},{"type":"sell","date":"1648107980","amount":"48.00000000","price":"0.83668000","tid":"4889264"},{"type":"buy","date":"1648107948","amount":"476.22615100","price":"0.83657000","tid":"4889263"},{"type":"buy","date":"1648107948","amount":"120.00000000","price":"0.83651000","tid":"4889262"},{"type":"sell","date":"1648107943","amount":"75.00000000","price":"0.83650000","tid":"4889261"},{"type":"sell","date":"1648107927","amount":"93.84000000","price":"0.83650000","tid":"4889260"},{"type":"sell","date":"1648107927","amount":"596.14964500","price":"0.83707000","tid":"4889259"},{"type":"sell","date":"1648107920","amount":"50.12003000","price":"0.83723000","tid":"4889258"},{"type":"sell","date":"1648107918","amount":"12.52000000","price":"0.83723000","tid":"4889257"},{"type":"sell","date":"1648107917","amount":"71.00000000","price":"0.83723000","tid":"4889256"},{"type":"sell","date":"1648107917","amount":"57.26000000","price":"0.83723000","tid":"4889255"},{"type":"sell","date":"1648107916","amount":"95.41000000","price":"0.83723000","tid":"4889254"},{"type":"sell","date":"1648107916","amount":"71.57000000","price":"0.83723000","tid":"4889253"},{"type":"sell","date":"1648107915","amount":"119.21000000","price":"0.83723000","tid":"4889252"},{"type":"sell","date":"1648107914","amount":"119.00000000","price":"0.83723000","tid":"4889251"},{"type":"buy","date":"1648107842","amount":"596.00000000","price":"0.83724000","tid":"4889250"},{"type":"buy","date":"1648107771","amount":"596.14963600","price":"0.83708000","tid":"4889249"},{"type":"sell","date":"1648107724","amount":"596.20925700","price":"0.83692000","tid":"4889248"},{"type":"buy","date":"1648107719","amount":"596.26888300","price":"0.83674000","tid":"4889247"},{"type":"buy","date":"1648107330","amount":"89.00000000","price":"0.83654000","tid":"4889246"},{"type":"buy","date":"1648107299","amount":"596.25998300","price":"0.83656000","tid":"4889245"},{"type":"sell","date":"1648107295","amount":"81.00000000","price":"0.83638000","tid":"4889244"},{"type":"sell","date":"1648107283","amount":"582.19225700","price":"0.83695000","tid":"4889243"},{"type":"sell","date":"1648107280","amount":"14.00000000","price":"0.83695000","tid":"4889242"},{"type":"buy","date":"1648107166","amount":"596.19225700","price":"0.83696000","tid":"4889241"},{"type":"sell","date":"1648107153","amount":"498.11189900","price":"0.83680000","tid":"4889240"},{"type":"buy","date":"1648107116","amount":"498.11189900","price":"0.83682000","tid":"4889239"},{"type":"buy","date":"1648107078","amount":"358.00000000","price":"0.83674000","tid":"4889238"},{"type":"buy","date":"1648106962","amount":"596.30169900","price":"0.83665000","tid":"4889237"},{"type":"buy","date":"1648106952","amount":"596.36133500","price":"0.83648000","tid":"4889236"},{"type":"buy","date":"1648106920","amount":"250.00000000","price":"0.83641000","tid":"4889235"},{"type":"buy","date":"1648106713","amount":"216.97853700","price":"0.83635000","tid":"4889234"},{"type":"sell","date":"1648106371","amount":"583.40803300","price":"0.83634000","tid":"4889233"},{"type":"sell","date":"1648106369","amount":"13.00000000","price":"0.83634000","tid":"4889232"},{"type":"sell","date":"1648106362","amount":"596.34839200","price":"0.83651000","tid":"4889231"},{"type":"sell","date":"1648106313","amount":"16.00000000","price":"0.83651000","tid":"4889230"},{"type":"sell","date":"1648106301","amount":"250.00000000","price":"0.83619000","tid":"4889229"},{"type":"sell","date":"1648106278","amount":"596.26215700","price":"0.83675000","tid":"4889228"},{"type":"sell","date":"1648106272","amount":"22.00000000","price":"0.83677000","tid":"4889227"},{"type":"sell","date":"1648106269","amount":"15.00000000","price":"0.83677000","tid":"4889226"},{"type":"sell","date":"1648106268","amount":"34.00000000","price":"0.83677000","tid":"4889225"},{"type":"sell","date":"1648106263","amount":"18.00000000","price":"0.83680000","tid":"4889224"},{"type":"sell","date":"1648106262","amount":"30.00000000","price":"0.83680000","tid":"4889223"},{"type":"sell","date":"1648106262","amount":"30.00000000","price":"0.83680000","tid":"4889222"},{"type":"sell","date":"1648106259","amount":"39.00000000","price":"0.83680000","tid":"4889221"},{"type":"sell","date":"1648106253","amount":"42.00000000","price":"0.83642000","tid":"4889220"},{"type":"buy","date":"1648106240","amount":"478.17953100","price":"0.83698000","tid":"4889219"},{"type":"buy","date":"1648106240","amount":"118.00000000","price":"0.83668000","tid":"4889218"},{"type":"sell","date":"1648106237","amount":"83.00000000","price":"0.83667000","tid":"4889217"},{"type":"sell","date":"1648106233","amount":"124.00000000","price":"0.83667000","tid":"4889216"},{"type":"sell","date":"1648106227","amount":"76.00000000","price":"0.83667000","tid":"4889215"},{"type":"sell","date":"1648106226","amount":"416.09161300","price":"0.83723000","tid":"4889214"},{"type":"buy","date":"1648106226","amount":"180.00000000","price":"0.83684000","tid":"4889213"},{"type":"sell","date":"1648106200","amount":"477.03200400","price":"0.83740000","tid":"4889212"},{"type":"sell","date":"1648106200","amount":"119.00000000","price":"0.83740000","tid":"4889211"},{"type":"sell","date":"1648106065","amount":"71.77240100","price":"0.83756000","tid":"4889210"},{"type":"buy","date":"1648106065","amount":"524.20000000","price":"0.83746000","tid":"4889209"},{"type":"buy","date":"1648106041","amount":"284.91280300","price":"0.83737000","tid":"4889208"},{"type":"buy","date":"1648106041","amount":"311.00000000","price":"0.83735000","tid":"4889207"},{"type":"sell","date":"1648106036","amount":"595.85321200","price":"0.83790000","tid":"4889206"},{"type":"buy","date":"1648105858","amount":"577.85321200","price":"0.83791000","tid":"4889205"},{"type":"sell","date":"1648105858","amount":"18.00000000","price":"0.83812000","tid":"4889204"},{"type":"buy","date":"1648105835","amount":"595.91280300","price":"0.83774000","tid":"4889203"},{"type":"buy","date":"1648105821","amount":"595.97240100","price":"0.83757000","tid":"4889202"},{"type":"sell","date":"1648105775","amount":"22.09999800","price":"0.83740000","tid":"4889201"},{"type":"sell","date":"1648105682","amount":"596.02979400","price":"0.83761000","tid":"4889200"},{"type":"sell","date":"1648105663","amount":"100.00000000","price":"0.83754000","tid":"4889199"},{"type":"sell","date":"1648105657","amount":"596.08940300","price":"0.83738000","tid":"4889198"},{"type":"buy","date":"1648105650","amount":"57.14901700","price":"0.83708000","tid":"4889197"},{"type":"buy","date":"1648105649","amount":"14.00000000","price":"0.83708000","tid":"4889196"},{"type":"buy","date":"1648105649","amount":"17.00000000","price":"0.83708000","tid":"4889195"},{"type":"buy","date":"1648105648","amount":"22.00000000","price":"0.83708000","tid":"4889194"},{"type":"buy","date":"1648105647","amount":"27.00000000","price":"0.83708000","tid":"4889193"},{"type":"buy","date":"1648105647","amount":"63.00000000","price":"0.83708000","tid":"4889192"},{"type":"buy","date":"1648105647","amount":"119.00000000","price":"0.83708000","tid":"4889191"},{"type":"buy","date":"1648105642","amount":"79.00000000","price":"0.83708000","tid":"4889190"},{"type":"buy","date":"1648105641","amount":"99.00000000","price":"0.83708000","tid":"4889189"},{"type":"buy","date":"1648105639","amount":"99.00000000","price":"0.83708000","tid":"4889188"},{"type":"buy","date":"1648105634","amount":"52.00000000","price":"0.83697000","tid":"4889187"},{"type":"buy","date":"1648105633","amount":"119.00000000","price":"0.83697000","tid":"4889186"},{"type":"buy","date":"1648105633","amount":"95.00000000","price":"0.83697000","tid":"4889185"},{"type":"buy","date":"1648105632","amount":"119.00000000","price":"0.83697000","tid":"4889184"},{"type":"buy","date":"1648105532","amount":"297.97225400","price":"0.83689000","tid":"4889183"},{"type":"sell","date":"1648105447","amount":"596.27694200","price":"0.83679000","tid":"4889182"},{"type":"buy","date":"1648105441","amount":"596.33657600","price":"0.83655000","tid":"4889181"},{"type":"buy","date":"1648105375","amount":"596.39621600","price":"0.83638000","tid":"4889180"},{"type":"buy","date":"1648105371","amount":"27.00000000","price":"0.83637000","tid":"4889179"},{"type":"buy","date":"1648105369","amount":"33.00000000","price":"0.83637000","tid":"4889178"},{"type":"buy","date":"1648105308","amount":"596.46186200","price":"0.83620000","tid":"4889177"},{"type":"buy","date":"1648105249","amount":"24.00000000","price":"0.83605000","tid":"4889176"},{"type":"buy","date":"1648105229","amount":"455.16416500","price":"0.83605000","tid":"4889175"},{"type":"buy","date":"1648105228","amount":"38.00000000","price":"0.83605000","tid":"4889174"},{"type":"sell","date":"1648105212","amount":"121.71630000","price":"0.83590000","tid":"4889173"},{"type":"buy","date":"1648105046","amount":"596.57323600","price":"0.83589000","tid":"4889172"},{"type":"sell","date":"1648105002","amount":"167.67463200","price":"0.83576000","tid":"4889171"},{"type":"sell","date":"1648104636","amount":"14.00000000","price":"0.83577000","tid":"4889170"},{"type":"sell","date":"1648104636","amount":"14.45000000","price":"0.83577000","tid":"4889169"},{"type":"buy","date":"1648104632","amount":"5.14384800","price":"0.83595000","tid":"4889168"},{"type":"buy","date":"1648104632","amount":"22.00000000","price":"0.83585000","tid":"4889167"},{"type":"sell","date":"1648104620","amount":"18.00000000","price":"0.83577000","tid":"4889166"},{"type":"sell","date":"1648104499","amount":"596.55233700","price":"0.83594000","tid":"4889165"},{"type":"sell","date":"1648104494","amount":"36.00000000","price":"0.83595000","tid":"4889164"},{"type":"sell","date":"1648104435","amount":"43.00000000","price":"0.83596000","tid":"4889163"},{"type":"sell","date":"1648104258","amount":"596.54443700","price":"0.83604000","tid":"4889162"},{"type":"buy","date":"1648104253","amount":"596.60409700","price":"0.83580000","tid":"4889161"},{"type":"buy","date":"1648104218","amount":"596.66376300","price":"0.83563000","tid":"4889160"},{"type":"sell","date":"1648104188","amount":"596.72343600","price":"0.83553000","tid":"4889159"},{"type":"buy","date":"1648104182","amount":"596.78311400","price":"0.83530000","tid":"4889158"},{"type":"sell","date":"1648103918","amount":"596.78311400","price":"0.83529000","tid":"4889157"},{"type":"buy","date":"1648103872","amount":"477.66000000","price":"0.83533000","tid":"4889156"},{"type":"buy","date":"1648103712","amount":"583.77120200","price":"0.83496000","tid":"4889155"},{"type":"buy","date":"1648103712","amount":"13.00000000","price":"0.83494000","tid":"4889154"},{"type":"sell","date":"1648103689","amount":"340.32846900","price":"0.83549000","tid":"4889153"},{"type":"sell","date":"1648103688","amount":"256.38305600","price":"0.83549000","tid":"4889152"},{"type":"sell","date":"1648103624","amount":"3401.25569300","price":"0.83605000","tid":"4889151"},{"type":"buy","date":"1648103606","amount":"596.31172800","price":"0.83654000","tid":"4889150"},{"type":"sell","date":"1648103601","amount":"596.25209700","price":"0.83678000","tid":"4889149"},{"type":"sell","date":"1648103589","amount":"912.05091200","price":"0.83734000","tid":"4889148"},{"type":"sell","date":"1648103586","amount":"2486.58604200","price":"0.83734000","tid":"4889147"},{"type":"sell","date":"1648103578","amount":"595.85260800","price":"0.83790000","tid":"4889146"},{"type":"sell","date":"1648103577","amount":"414.38335100","price":"0.83792000","tid":"4889145"},{"type":"sell","date":"1648103576","amount":"720.80000000","price":"0.83794000","tid":"4889144"},{"type":"sell","date":"1648103576","amount":"1580.00000000","price":"0.83794000","tid":"4889143"},{"type":"sell","date":"1648103576","amount":"1580.00000000","price":"0.83794000","tid":"4889142"},{"type":"sell","date":"1648103576","amount":"1580.00000000","price":"0.83794000","tid":"4889141"},{"type":"sell","date":"1648103576","amount":"2515.75448900","price":"0.83794000","tid":"4889140"},{"type":"sell","date":"1648103575","amount":"2501.04498100","price":"0.83794000","tid":"4889139"},{"type":"sell","date":"1648103521","amount":"17.00000000","price":"0.83794000","tid":"4889138"},{"type":"sell","date":"1648103465","amount":"13.00000000","price":"0.83794000","tid":"4889137"},{"type":"sell","date":"1648103429","amount":"13.00000000","price":"0.83792000","tid":"4889136"},{"type":"sell","date":"1648103428","amount":"15.00000000","price":"0.83792000","tid":"4889135"},{"type":"sell","date":"1648103422","amount":"19.00000000","price":"0.83792000","tid":"4889134"},{"type":"sell","date":"1648103409","amount":"15.00000000","price":"0.83792000","tid":"4889133"},{"type":"sell","date":"1648103406","amount":"18.00000000","price":"0.83792000","tid":"4889132"},{"type":"sell","date":"1648103402","amount":"16.00000000","price":"0.83792000","tid":"4889131"},{"type":"sell","date":"1648103400","amount":"20.00000000","price":"0.83792000","tid":"4889130"},{"type":"sell","date":"1648103394","amount":"26.00000000","price":"0.83792000","tid":"4889129"},{"type":"sell","date":"1648103393","amount":"32.00000000","price":"0.83792000","tid":"4889128"},{"type":"sell","date":"1648103392","amount":"110.03582200","price":"0.83792000","tid":"4889127"},{"type":"sell","date":"1648103390","amount":"51.00000000","price":"0.83792000","tid":"4889126"},{"type":"sell","date":"1648103390","amount":"70.00000000","price":"0.83792000","tid":"4889125"},{"type":"sell","date":"1648103389","amount":"6776.09171300","price":"0.83792000","tid":"4889124"},{"type":"sell","date":"1648103384","amount":"115.00000000","price":"0.83792000","tid":"4889123"},{"type":"sell","date":"1648103384","amount":"66.00000000","price":"0.83792000","tid":"4889122"},{"type":"sell","date":"1648103379","amount":"110.00000000","price":"0.83792000","tid":"4889121"},{"type":"sell","date":"1648103377","amount":"279.00000000","price":"0.83792000","tid":"4889120"},{"type":"sell","date":"1648103377","amount":"129.00000000","price":"0.83792000","tid":"4889119"},{"type":"sell","date":"1648103376","amount":"279.00000000","price":"0.83792000","tid":"4889118"},{"type":"sell","date":"1648103376","amount":"161.00000000","price":"0.83792000","tid":"4889117"},{"type":"sell","date":"1648103373","amount":"59.00000000","price":"0.83792000","tid":"4889116"},{"type":"sell","date":"1648103371","amount":"282.00000000","price":"0.83792000","tid":"4889115"},{"type":"sell","date":"1648103370","amount":"76.00000000","price":"0.83792000","tid":"4889114"},{"type":"sell","date":"1648103370","amount":"381.79302300","price":"0.83807000","tid":"4889113"},{"type":"sell","date":"1648103370","amount":"95.00000000","price":"0.83807000","tid":"4889112"},{"type":"sell","date":"1648103369","amount":"119.00000000","price":"0.83807000","tid":"4889111"},{"type":"sell","date":"1648103369","amount":"1744.20697700","price":"0.83808000","tid":"4889110"},{"type":"buy","date":"1648103347","amount":"595.79302300","price":"0.83808000","tid":"4889109"},{"type":"buy","date":"1648103307","amount":"272.00000000","price":"0.83847000","tid":"4889108"},{"type":"buy","date":"1648103306","amount":"1818.45223400","price":"0.83744000","tid":"4889107"},{"type":"buy","date":"1648103294","amount":"1580.00000000","price":"0.83744000","tid":"4889106"},{"type":"sell","date":"1648103288","amount":"596.21969000","price":"0.83693000","tid":"4889105"},{"type":"buy","date":"1648103283","amount":"596.27931800","price":"0.83671000","tid":"4889104"},{"type":"buy","date":"1648103242","amount":"596.33895200","price":"0.83654000","tid":"4889103"},{"type":"buy","date":"1648103180","amount":"596.39859200","price":"0.83638000","tid":"4889102"},{"type":"buy","date":"1648103159","amount":"13.00000000","price":"0.83637000","tid":"4889101"},{"type":"buy","date":"1648102666","amount":"596.45953700","price":"0.83621000","tid":"4889100"},{"type":"sell","date":"1648102594","amount":"75.01918900","price":"0.83620000","tid":"4889099"},{"type":"sell","date":"1648102594","amount":"521.50000000","price":"0.83622000","tid":"4889098"},{"type":"buy","date":"1648102589","amount":"596.57884700","price":"0.83587000","tid":"4889097"},{"type":"sell","date":"1648102418","amount":"20.37871900","price":"0.83573000","tid":"4889096"},{"type":"buy","date":"1648102111","amount":"596.63851100","price":"0.83570000","tid":"4889095"},{"type":"buy","date":"1648102093","amount":"23.00000000","price":"0.83569000","tid":"4889094"},{"type":"buy","date":"1648102092","amount":"39.00000000","price":"0.83569000","tid":"4889093"},{"type":"sell","date":"1648101922","amount":"596.70438200","price":"0.83556000","tid":"4889092"},{"type":"buy","date":"1648101918","amount":"596.76405800","price":"0.83535000","tid":"4889091"},{"type":"buy","date":"1648101839","amount":"1792.44289000","price":"0.83524000","tid":"4889090"},{"type":"buy","date":"1648101839","amount":"597.00300300","price":"0.83468000","tid":"4889089"},{"type":"buy","date":"1648101605","amount":"18.00000000","price":"0.83467000","tid":"4889088"},{"type":"buy","date":"1648101598","amount":"22.00000000","price":"0.83467000","tid":"4889087"},{"type":"buy","date":"1648101396","amount":"597.06670900","price":"0.83451000","tid":"4889086"},{"type":"buy","date":"1648101279","amount":"454.28941300","price":"0.83438000","tid":"4889085"},{"type":"buy","date":"1648101188","amount":"18.00000000","price":"0.83437000","tid":"4889084"},{"type":"buy","date":"1648101174","amount":"38.00000000","price":"0.83435000","tid":"4889083"},{"type":"buy","date":"1648101171","amount":"50.00000000","price":"0.83435000","tid":"4889082"},{"type":"sell","date":"1648101131","amount":"597.18245600","price":"0.83428000","tid":"4889081"},{"type":"buy","date":"1648101128","amount":"246.24218100","price":"0.83402000","tid":"4889080"},{"type":"buy","date":"1648101127","amount":"61.00000000","price":"0.83402000","tid":"4889079"},{"type":"buy","date":"1648101126","amount":"76.00000000","price":"0.83402000","tid":"4889078"},{"type":"buy","date":"1648101124","amount":"95.00000000","price":"0.83402000","tid":"4889077"},{"type":"buy","date":"1648101122","amount":"119.00000000","price":"0.83402000","tid":"4889076"},{"type":"buy","date":"1648101104","amount":"478.30191100","price":"0.83385000","tid":"4889075"},{"type":"buy","date":"1648101099","amount":"119.00000000","price":"0.83385000","tid":"4889074"},{"type":"buy","date":"1648101087","amount":"564.00000000","price":"0.83408000","tid":"4889073"},{"type":"buy","date":"1648101065","amount":"597.41805300","price":"0.83352000","tid":"4889072"},{"type":"buy","date":"1648100858","amount":"597.47780000","price":"0.83336000","tid":"4889071"},{"type":"buy","date":"1648100846","amount":"39.00000000","price":"0.83330000","tid":"4889070"},{"type":"buy","date":"1648100843","amount":"34.00000000","price":"0.83330000","tid":"4889069"},{"type":"buy","date":"1648100842","amount":"43.00000000","price":"0.83330000","tid":"4889068"},{"type":"buy","date":"1648100842","amount":"76.00000000","price":"0.83330000","tid":"4889067"},{"type":"buy","date":"1648100808","amount":"597.55675600","price":"0.83314000","tid":"4889066"},{"type":"buy","date":"1648100762","amount":"597.61651800","price":"0.83297000","tid":"4889065"},{"type":"buy","date":"1648100744","amount":"359.67628500","price":"0.83280000","tid":"4889064"},{"type":"buy","date":"1648100741","amount":"119.00000000","price":"0.83280000","tid":"4889063"},{"type":"buy","date":"1648100740","amount":"119.00000000","price":"0.83280000","tid":"4889062"},{"type":"buy","date":"1648100335","amount":"597.73605900","price":"0.83264000","tid":"4889061"},{"type":"sell","date":"1648100310","amount":"597.79583900","price":"0.83257000","tid":"4889060"},{"type":"sell","date":"1648100286","amount":"597.85562400","price":"0.83244000","tid":"4889059"},{"type":"buy","date":"1648100280","amount":"597.91541600","price":"0.83214000","tid":"4889058"},{"type":"sell","date":"1648100198","amount":"597.91541600","price":"0.83213000","tid":"4889057"},{"type":"buy","date":"1648100117","amount":"544.61239000","price":"0.83228000","tid":"4889056"},{"type":"buy","date":"1648100021","amount":"49.38182700","price":"0.83229000","tid":"4889055"},{"type":"sell","date":"1648099860","amount":"18.62646400","price":"0.83220000","tid":"4889054"},{"type":"buy","date":"1648099762","amount":"119.02530400","price":"0.83226000","tid":"4889053"},{"type":"sell","date":"1648099283","amount":"36.02942300","price":"0.83227000","tid":"4889052"},{"type":"sell","date":"1648099273","amount":"597.85562400","price":"0.83229000","tid":"4889051"},{"type":"sell","date":"1648099203","amount":"597.79583900","price":"0.83246000","tid":"4889050"},{"type":"sell","date":"1648099188","amount":"597.73605900","price":"0.83263000","tid":"4889049"},{"type":"sell","date":"1648099124","amount":"40.03972800","price":"0.83264000","tid":"4889048"},{"type":"sell","date":"1648099006","amount":"597.67228100","price":"0.83281000","tid":"4889047"},{"type":"sell","date":"1648098982","amount":"597.61251400","price":"0.83297000","tid":"4889046"},{"type":"sell","date":"1648098932","amount":"597.55275300","price":"0.83314000","tid":"4889045"},{"type":"sell","date":"1648098765","amount":"14.00000000","price":"0.83315000","tid":"4889044"},{"type":"sell","date":"1648098765","amount":"14.00000000","price":"0.83315000","tid":"4889043"},{"type":"sell","date":"1648098204","amount":"597.49019800","price":"0.83331000","tid":"4889042"},{"type":"buy","date":"1648098150","amount":"597.43044900","price":"0.83338000","tid":"4889041"},{"type":"sell","date":"1648098146","amount":"597.37070600","price":"0.83365000","tid":"4889040"},{"type":"buy","date":"1648098111","amount":"597.31096900","price":"0.83373000","tid":"4889039"},{"type":"buy","date":"1648098087","amount":"597.25123700","price":"0.83388000","tid":"4889038"},{"type":"sell","date":"1648098082","amount":"597.19151200","price":"0.83415000","tid":"4889037"},{"type":"buy","date":"1648097990","amount":"714.41924000","price":"0.83451000","tid":"4889036"},{"type":"buy","date":"1648097990","amount":"2438.86229600","price":"0.83450000","tid":"4889035"},{"type":"buy","date":"1648097990","amount":"597.19151200","price":"0.83416000","tid":"4889034"},{"type":"sell","date":"1648097927","amount":"840.99600800","price":"0.83413000","tid":"4889033"},{"type":"buy","date":"1648097926","amount":"597.19151200","price":"0.83414000","tid":"4889032"},{"type":"buy","date":"1648097891","amount":"597.13179300","price":"0.83423000","tid":"4889031"},{"type":"buy","date":"1648097867","amount":"597.07208000","price":"0.83410000","tid":"4889030"},{"type":"sell","date":"1648097842","amount":"597.01237300","price":"0.83465000","tid":"4889029"},{"type":"sell","date":"1648097837","amount":"596.95267200","price":"0.83481000","tid":"4889028"},{"type":"buy","date":"1648097792","amount":"596.89297600","price":"0.83497000","tid":"4889027"},{"type":"sell","date":"1648097787","amount":"596.83328700","price":"0.83515000","tid":"4889026"},{"type":"buy","date":"1648097686","amount":"100.90985200","price":"0.83530000","tid":"4889025"},{"type":"buy","date":"1648097373","amount":"11.93597400","price":"0.83529000","tid":"4889024"},{"type":"sell","date":"1648097318","amount":"14.00000000","price":"0.83514000","tid":"4889023"},{"type":"sell","date":"1648097224","amount":"30.99000000","price":"0.83513000","tid":"4889022"},{"type":"sell","date":"1648097205","amount":"30.00000000","price":"0.83515000","tid":"4889021"},{"type":"sell","date":"1648097078","amount":"596.84147300","price":"0.83522000","tid":"4889020"},{"type":"sell","date":"1648097053","amount":"596.90116300","price":"0.83505000","tid":"4889019"},{"type":"buy","date":"1648097049","amount":"596.96086000","price":"0.83480000","tid":"4889018"},{"type":"buy","date":"1648097025","amount":"15.00000000","price":"0.83479000","tid":"4889017"},{"type":"buy","date":"1648097024","amount":"20.12000000","price":"0.83479000","tid":"4889016"},{"type":"sell","date":"1648096898","amount":"13.00000000","price":"0.83462000","tid":"4889015"},{"type":"sell","date":"1648096896","amount":"16.00000000","price":"0.83462000","tid":"4889014"},{"type":"sell","date":"1648096834","amount":"596.96147200","price":"0.83479000","tid":"4889013"},{"type":"sell","date":"1648096808","amount":"14.00000000","price":"0.83480000","tid":"4889012"},{"type":"sell","date":"1648096806","amount":"17.00000000","price":"0.83480000","tid":"4889011"},{"type":"sell","date":"1648096801","amount":"22.00000000","price":"0.83481000","tid":"4889010"},{"type":"sell","date":"1648096796","amount":"34.00000000","price":"0.83481000","tid":"4889009"},{"type":"buy","date":"1648096720","amount":"596.95277100","price":"0.83482000","tid":"4889008"},{"type":"buy","date":"1648096681","amount":"597.01247200","price":"0.83466000","tid":"4889007"},{"type":"buy","date":"1648096636","amount":"597.07217900","price":"0.83449000","tid":"4889006"},{"type":"sell","date":"1648096536","amount":"13.00000000","price":"0.83432000","tid":"4889005"},{"type":"buy","date":"1648096487","amount":"89.00260000","price":"0.83447000","tid":"4889004"},{"type":"buy","date":"1648096487","amount":"15.00000000","price":"0.83440000","tid":"4889003"},{"type":"sell","date":"1648096441","amount":"17.00000000","price":"0.83430000","tid":"4889002"},{"type":"sell","date":"1648096436","amount":"21.00000000","price":"0.83430000","tid":"4889001"},{"type":"sell","date":"1648096296","amount":"14.00000000","price":"0.83431000","tid":"4889000"},{"type":"sell","date":"1648096266","amount":"36.00000000","price":"0.83432000","tid":"4888999"},{"type":"sell","date":"1648096244","amount":"1286.76171700","price":"0.83448000","tid":"4888998"},{"type":"sell","date":"1648096243","amount":"2602.04223300","price":"0.83448000","tid":"4888997"},{"type":"buy","date":"1648096238","amount":"56.00000000","price":"0.83448000","tid":"4888996"},{"type":"sell","date":"1648096230","amount":"45.00000000","price":"0.83433000","tid":"4888995"},{"type":"buy","date":"1648095936","amount":"454.30000000","price":"0.83438000","tid":"4888994"},{"type":"sell","date":"1648095826","amount":"597.17162700","price":"0.83430000","tid":"4888993"},{"type":"sell","date":"1648095819","amount":"597.23135000","price":"0.83436000","tid":"4888992"},{"type":"buy","date":"1648095792","amount":"597.29107900","price":"0.83388000","tid":"4888991"},{"type":"buy","date":"1648095788","amount":"49.00000000","price":"0.83387000","tid":"4888990"},{"type":"sell","date":"1648095532","amount":"13.00000000","price":"0.83369000","tid":"4888989"},{"type":"buy","date":"1648095513","amount":"464.44467900","price":"0.83382000","tid":"4888988"},{"type":"buy","date":"1648095513","amount":"2502.93515500","price":"0.83381000","tid":"4888987"},{"type":"buy","date":"1648095487","amount":"623.40000000","price":"0.83376000","tid":"4888986"},{"type":"sell","date":"1648095334","amount":"13.00000000","price":"0.83370000","tid":"4888985"},{"type":"buy","date":"1648095158","amount":"597.29337900","price":"0.83385000","tid":"4888984"},{"type":"sell","date":"1648095153","amount":"468.25364900","price":"0.83403000","tid":"4888983"},{"type":"sell","date":"1648095150","amount":"12.98000000","price":"0.83403000","tid":"4888982"},{"type":"sell","date":"1648095149","amount":"13.00000000","price":"0.83403000","tid":"4888981"},{"type":"sell","date":"1648095148","amount":"13.00000000","price":"0.83403000","tid":"4888980"},{"type":"sell","date":"1648095147","amount":"19.00000000","price":"0.83403000","tid":"4888979"},{"type":"sell","date":"1648095147","amount":"23.00000000","price":"0.83403000","tid":"4888978"},{"type":"buy","date":"1648095147","amount":"48.00000000","price":"0.83367000","tid":"4888977"},{"type":"sell","date":"1648095144","amount":"48.00000000","price":"0.83366000","tid":"4888976"},{"type":"sell","date":"1648095142","amount":"23.00000000","price":"0.83366000","tid":"4888975"},{"type":"sell","date":"1648095142","amount":"115.16682600","price":"0.83422000","tid":"4888974"},{"type":"sell","date":"1648095142","amount":"38.00000000","price":"0.83422000","tid":"4888973"},{"type":"sell","date":"1648095142","amount":"38.00000000","price":"0.83422000","tid":"4888972"},{"type":"sell","date":"1648095140","amount":"47.00000000","price":"0.83422000","tid":"4888971"},{"type":"sell","date":"1648095139","amount":"59.00000000","price":"0.83422000","tid":"4888970"},{"type":"sell","date":"1648095138","amount":"74.00000000","price":"0.83422000","tid":"4888969"},{"type":"sell","date":"1648095137","amount":"92.00000000","price":"0.83422000","tid":"4888968"},{"type":"sell","date":"1648095136","amount":"63.00000000","price":"0.83422000","tid":"4888967"},{"type":"sell","date":"1648095134","amount":"71.00000000","price":"0.83422000","tid":"4888966"},{"type":"buy","date":"1648095023","amount":"597.16682600","price":"0.83423000","tid":"4888965"},{"type":"sell","date":"1648094892","amount":"76.00000000","price":"0.83413000","tid":"4888964"},{"type":"sell","date":"1648094889","amount":"95.00000000","price":"0.83413000","tid":"4888963"},{"type":"sell","date":"1648094888","amount":"119.00000000","price":"0.83413000","tid":"4888962"},{"type":"buy","date":"1648094763","amount":"597.19754600","price":"0.83414000","tid":"4888961"},{"type":"buy","date":"1648094754","amount":"11.95243000","price":"0.83414000","tid":"4888960"},{"type":"buy","date":"1648094709","amount":"80.63000000","price":"0.83450000","tid":"4888959"},{"type":"buy","date":"1648094709","amount":"491.11685700","price":"0.83358000","tid":"4888958"},{"type":"buy","date":"1648094709","amount":"2656.87820100","price":"0.83358000","tid":"4888957"},{"type":"buy","date":"1648094709","amount":"61.00000000","price":"0.83358000","tid":"4888956"},{"type":"buy","date":"1648094709","amount":"121.32000000","price":"0.83358000","tid":"4888955"},{"type":"buy","date":"1648094708","amount":"76.00000000","price":"0.83358000","tid":"4888954"},{"type":"sell","date":"1648094698","amount":"597.59913300","price":"0.83338000","tid":"4888953"},{"type":"buy","date":"1648094677","amount":"72.00000000","price":"0.83339000","tid":"4888952"},{"type":"buy","date":"1648094677","amount":"364.48609900","price":"0.83283000","tid":"4888951"},{"type":"buy","date":"1648094676","amount":"119.53000000","price":"0.83283000","tid":"4888950"},{"type":"buy","date":"1648094676","amount":"18.65000000","price":"0.83283000","tid":"4888949"},{"type":"buy","date":"1648094676","amount":"95.00000000","price":"0.83283000","tid":"4888948"},{"type":"buy","date":"1648094537","amount":"597.72587200","price":"0.83267000","tid":"4888947"},{"type":"buy","date":"1648094516","amount":"597.78565000","price":"0.83250000","tid":"4888946"},{"type":"buy","date":"1648094457","amount":"597.84543500","price":"0.83233000","tid":"4888945"},{"type":"buy","date":"1648094452","amount":"43.00000000","price":"0.83232000","tid":"4888944"},{"type":"sell","date":"1648094248","amount":"597.84973500","price":"0.83231000","tid":"4888943"},{"type":"buy","date":"1648094203","amount":"597.78995000","price":"0.83246000","tid":"4888942"},{"type":"sell","date":"1648094198","amount":"597.73017100","price":"0.83264000","tid":"4888941"},{"type":"sell","date":"1648094181","amount":"597.67039800","price":"0.83281000","tid":"4888940"},{"type":"sell","date":"1648094165","amount":"2444.88424500","price":"0.83310000","tid":"4888939"},{"type":"buy","date":"1648094160","amount":"597.36614200","price":"0.83333000","tid":"4888938"},{"type":"buy","date":"1648094155","amount":"423.13272600","price":"0.83397000","tid":"4888937"},{"type":"buy","date":"1648094155","amount":"9169.44924500","price":"0.83390000","tid":"4888936"},{"type":"buy","date":"1648094155","amount":"1580.00000000","price":"0.83366000","tid":"4888935"},{"type":"buy","date":"1648094155","amount":"3406.92915800","price":"0.83328000","tid":"4888934"},{"type":"buy","date":"1648094155","amount":"2460.10651700","price":"0.83327000","tid":"4888933"},{"type":"buy","date":"1648094155","amount":"6551.70024800","price":"0.83326000","tid":"4888932"},{"type":"buy","date":"1648094155","amount":"597.70686900","price":"0.83272000","tid":"4888931"},{"type":"sell","date":"1648094145","amount":"871.32510500","price":"0.83310000","tid":"4888930"},{"type":"sell","date":"1648094145","amount":"2535.94478000","price":"0.83310000","tid":"4888929"},{"type":"buy","date":"1648094134","amount":"597.36614200","price":"0.83350000","tid":"4888928"},{"type":"buy","date":"1648094122","amount":"597.30640600","price":"0.83344000","tid":"4888927"},{"type":"sell","date":"1648094114","amount":"597.24667500","price":"0.83399000","tid":"4888926"},{"type":"buy","date":"1648094007","amount":"597.18695000","price":"0.83410000","tid":"4888925"},{"type":"buy","date":"1648093983","amount":"597.12723200","price":"0.83413000","tid":"4888924"},{"type":"sell","date":"1648093977","amount":"597.06751900","price":"0.83449000","tid":"4888923"},{"type":"sell","date":"1648093926","amount":"16.65802500","price":"0.83411000","tid":"4888922"},{"type":"sell","date":"1648093926","amount":"597.00614600","price":"0.83467000","tid":"4888921"},{"type":"sell","date":"1648093763","amount":"2605.20390100","price":"0.83500000","tid":"4888920"},{"type":"buy","date":"1648093757","amount":"572.68592500","price":"0.83519000","tid":"4888919"},{"type":"buy","date":"1648093757","amount":"24.00000000","price":"0.83518000","tid":"4888918"},{"type":"sell","date":"1648093734","amount":"596.62625700","price":"0.83573000","tid":"4888917"},{"type":"sell","date":"1648093728","amount":"7.56015400","price":"0.83573000","tid":"4888916"},{"type":"sell","date":"1648093728","amount":"16.43984600","price":"0.83574000","tid":"4888915"},{"type":"sell","date":"1648093727","amount":"31.00000000","price":"0.83574000","tid":"4888914"},{"type":"sell","date":"1648093726","amount":"117.00000000","price":"0.83574000","tid":"4888913"},{"type":"sell","date":"1648093725","amount":"67.00000000","price":"0.83574000","tid":"4888912"},{"type":"sell","date":"1648093721","amount":"117.00000000","price":"0.83574000","tid":"4888911"},{"type":"sell","date":"1648093715","amount":"70.00000000","price":"0.83574000","tid":"4888910"},{"type":"sell","date":"1648093714","amount":"170.28000000","price":"0.83574000","tid":"4888909"},{"type":"sell","date":"1648093714","amount":"195.00000000","price":"0.83574000","tid":"4888908"},{"type":"sell","date":"1648093714","amount":"195.00000000","price":"0.83574000","tid":"4888907"},{"type":"sell","date":"1648093708","amount":"244.00000000","price":"0.83574000","tid":"4888906"},{"type":"sell","date":"1648093701","amount":"305.00000000","price":"0.83574000","tid":"4888905"},{"type":"sell","date":"1648093683","amount":"263.00000000","price":"0.83574000","tid":"4888904"},{"type":"buy","date":"1648093519","amount":"596.62550100","price":"0.83574000","tid":"4888903"},{"type":"sell","date":"1648093279","amount":"13.00000000","price":"0.83649000","tid":"4888886"},{"type":"sell","date":"1648093271","amount":"16.00000000","price":"0.83651000","tid":"4888885"},{"type":"sell","date":"1648093269","amount":"19.00000000","price":"0.83651000","tid":"4888884"},{"type":"sell","date":"1648093260","amount":"28.00000000","price":"0.83651000","tid":"4888883"},{"type":"sell","date":"1648093254","amount":"40.00000000","price":"0.83654000","tid":"4888882"},{"type":"sell","date":"1648093247","amount":"66.00000000","price":"0.83654000","tid":"4888881"},{"type":"sell","date":"1648093243","amount":"62.00000000","price":"0.83695000","tid":"4888880"},{"type":"sell","date":"1648093242","amount":"115.00000000","price":"0.83695000","tid":"4888879"},{"type":"sell","date":"1648093241","amount":"69.00000000","price":"0.83695000","tid":"4888878"},{"type":"sell","date":"1648093239","amount":"102.00000000","price":"0.83695000","tid":"4888877"},{"type":"sell","date":"1648093238","amount":"249.00000000","price":"0.83695000","tid":"4888876"},{"type":"sell","date":"1648093238","amount":"149.00000000","price":"0.83695000","tid":"4888875"},{"type":"sell","date":"1648093237","amount":"679.00000000","price":"0.83695000","tid":"4888874"},{"type":"sell","date":"1648093237","amount":"679.00000000","price":"0.83695000","tid":"4888873"},{"type":"sell","date":"1648093236","amount":"359.00000000","price":"0.83695000","tid":"4888872"},{"type":"sell","date":"1648093234","amount":"407.00000000","price":"0.83695000","tid":"4888871"},{"type":"sell","date":"1648093232","amount":"164.00000000","price":"0.83697000","tid":"4888870"},{"type":"buy","date":"1648093207","amount":"595.99040700","price":"0.83730000","tid":"4888869"},{"type":"sell","date":"1648093202","amount":"71.00000000","price":"0.83714000","tid":"4888868"},{"type":"sell","date":"1648093202","amount":"595.92370800","price":"0.83770000","tid":"4888867"},{"type":"sell","date":"1648093192","amount":"62.00000000","price":"0.83774000","tid":"4888866"},{"type":"sell","date":"1648093190","amount":"71.00000000","price":"0.83774000","tid":"4888865"},{"type":"sell","date":"1648093188","amount":"121.00000000","price":"0.83776000","tid":"4888864"},{"type":"buy","date":"1648093102","amount":"2597.54667200","price":"0.83785000","tid":"4888863"},{"type":"buy","date":"1648093101","amount":"2565.26314300","price":"0.83785000","tid":"4888862"},{"type":"buy","date":"1648093100","amount":"2668.01110000","price":"0.83785000","tid":"4888861"},{"type":"buy","date":"1648093098","amount":"2042.00000000","price":"0.83785000","tid":"4888860"},{"type":"buy","date":"1648093096","amount":"621.00000000","price":"0.83785000","tid":"4888859"},{"type":"buy","date":"1648093092","amount":"1844.00000000","price":"0.83785000","tid":"4888858"},{"type":"buy","date":"1648093089","amount":"52.00000000","price":"0.83785000","tid":"4888857"},{"type":"sell","date":"1648092804","amount":"150.00000000","price":"0.83748000","tid":"4888856"},{"type":"sell","date":"1648092804","amount":"150.00000000","price":"0.83748000","tid":"4888855"},{"type":"sell","date":"1648092804","amount":"100.00000000","price":"0.83748000","tid":"4888854"},{"type":"sell","date":"1648092804","amount":"100.00000000","price":"0.83748000","tid":"4888853"},{"type":"buy","date":"1648092791","amount":"595.80081600","price":"0.83797000","tid":"4888852"},{"type":"buy","date":"1648092766","amount":"595.74123600","price":"0.83819000","tid":"4888851"},{"type":"buy","date":"1648092741","amount":"93.88166100","price":"0.83818000","tid":"4888850"},{"type":"buy","date":"1648092741","amount":"501.80000000","price":"0.83805000","tid":"4888849"},{"type":"buy","date":"1648092716","amount":"595.62209300","price":"0.83838000","tid":"4888848"},{"type":"sell","date":"1648092712","amount":"595.56253100","price":"0.83872000","tid":"4888847"},{"type":"sell","date":"1648092647","amount":"14.00000000","price":"0.83872000","tid":"4888846"},{"type":"sell","date":"1648092647","amount":"14.00000000","price":"0.83872000","tid":"4888845"},{"type":"sell","date":"1648092632","amount":"15.00000000","price":"0.83873000","tid":"4888844"},{"type":"sell","date":"1648092629","amount":"17.00000000","price":"0.83873000","tid":"4888843"},{"type":"sell","date":"1648092622","amount":"22.00000000","price":"0.83877000","tid":"4888842"},{"type":"sell","date":"1648092621","amount":"45.00000000","price":"0.83877000","tid":"4888841"},{"type":"sell","date":"1648092617","amount":"29.00000000","price":"0.83877000","tid":"4888840"},{"type":"sell","date":"1648092615","amount":"48.00000000","price":"0.83877000","tid":"4888839"},{"type":"sell","date":"1648092545","amount":"595.54212900","price":"0.83886000","tid":"4888838"},{"type":"sell","date":"1648092520","amount":"595.60168900","price":"0.83885000","tid":"4888837"},{"type":"sell","date":"1648092496","amount":"595.66125500","price":"0.83865000","tid":"4888836"},{"type":"sell","date":"1648092474","amount":"36.00000000","price":"0.83781000","tid":"4888835"},{"type":"sell","date":"1648092474","amount":"3395.58819700","price":"0.83884000","tid":"4888834"},{"type":"sell","date":"1648092474","amount":"128.31809700","price":"0.83941000","tid":"4888833"},{"type":"sell","date":"1648092474","amount":"91.00000000","price":"0.83941000","tid":"4888832"},{"type":"sell","date":"1648092474","amount":"54.00000000","price":"0.83941000","tid":"4888831"},{"type":"sell","date":"1648092473","amount":"91.00000000","price":"0.83941000","tid":"4888830"},{"type":"sell","date":"1648092473","amount":"91.00000000","price":"0.83941000","tid":"4888829"},{"type":"buy","date":"1648092472","amount":"140.00000000","price":"0.83915000","tid":"4888828"},{"type":"sell","date":"1648092468","amount":"476.25856500","price":"0.83957000","tid":"4888827"},{"type":"sell","date":"1648092467","amount":"119.00000000","price":"0.83957000","tid":"4888826"},{"type":"sell","date":"1648092270","amount":"480.03859200","price":"0.84014000","tid":"4888825"},{"type":"sell","date":"1648092270","amount":"123.59000000","price":"0.84014000","tid":"4888824"},{"type":"sell","date":"1648092270","amount":"158.00000000","price":"0.84014000","tid":"4888823"},{"type":"sell","date":"1648092270","amount":"2508.34522900","price":"0.84014000","tid":"4888822"},{"type":"sell","date":"1648092270","amount":"123.00000000","price":"0.84014000","tid":"4888821"},{"type":"sell","date":"1648092256","amount":"262.88974200","price":"0.84070000","tid":"4888820"},{"type":"sell","date":"1648092255","amount":"95.00000000","price":"0.84070000","tid":"4888819"},{"type":"sell","date":"1648092255","amount":"118.97000000","price":"0.84070000","tid":"4888818"},{"type":"sell","date":"1648092253","amount":"118.00000000","price":"0.84070000","tid":"4888817"},{"type":"sell","date":"1648092225","amount":"15.00000000","price":"0.84085000","tid":"4888816"},{"type":"buy","date":"1648092214","amount":"517.00000000","price":"0.84073000","tid":"4888815"},{"type":"buy","date":"1648092189","amount":"594.74705600","price":"0.84073000","tid":"4888814"},{"type":"sell","date":"1648092186","amount":"26.24504400","price":"0.84063000","tid":"4888813"},{"type":"sell","date":"1648092186","amount":"49.75495600","price":"0.84119000","tid":"4888812"},{"type":"sell","date":"1648092186","amount":"118.93000000","price":"0.84119000","tid":"4888811"},{"type":"sell","date":"1648092186","amount":"118.00000000","price":"0.84119000","tid":"4888810"},{"type":"sell","date":"1648092186","amount":"95.00000000","price":"0.84119000","tid":"4888809"},{"type":"sell","date":"1648092185","amount":"95.00000000","price":"0.84119000","tid":"4888808"},{"type":"sell","date":"1648092182","amount":"118.00000000","price":"0.84119000","tid":"4888807"},{"type":"buy","date":"1648092149","amount":"738.18605200","price":"0.84159000","tid":"4888806"},{"type":"buy","date":"1648092149","amount":"594.68495600","price":"0.84120000","tid":"4888805"},{"type":"buy","date":"1648092069","amount":"594.74443100","price":"0.84104000","tid":"4888804"},{"type":"buy","date":"1648092063","amount":"594.80391100","price":"0.84087000","tid":"4888803"},{"type":"buy","date":"1648092030","amount":"183.00000000","price":"0.84133000","tid":"4888802"},{"type":"buy","date":"1648092030","amount":"917.94758900","price":"0.84030000","tid":"4888801"},{"type":"buy","date":"1648092030","amount":"2474.70778600","price":"0.84030000","tid":"4888800"},{"type":"buy","date":"1648092029","amount":"1080.06960100","price":"0.84000000","tid":"4888799"},{"type":"buy","date":"1648092029","amount":"42.27000000","price":"0.84000000","tid":"4888798"},{"type":"buy","date":"1648092029","amount":"2546.69670800","price":"0.84000000","tid":"4888797"},{"type":"buy","date":"1648092029","amount":"13.00000000","price":"0.84000000","tid":"4888796"},{"type":"buy","date":"1648092029","amount":"2468.67754400","price":"0.84000000","tid":"4888795"},{"type":"buy","date":"1648092028","amount":"66.04000000","price":"0.84000000","tid":"4888794"},{"type":"buy","date":"1648092027","amount":"57.58730300","price":"0.84000000","tid":"4888793"},{"type":"buy","date":"1648092027","amount":"24.96269700","price":"0.83974000","tid":"4888792"},{"type":"buy","date":"1648092027","amount":"15.00000000","price":"0.83974000","tid":"4888791"},{"type":"buy","date":"1648092027","amount":"13.00000000","price":"0.83974000","tid":"4888790"},{"type":"buy","date":"1648092026","amount":"13.23000000","price":"0.83974000","tid":"4888789"},{"type":"buy","date":"1648092025","amount":"22.00000000","price":"0.83974000","tid":"4888788"},{"type":"buy","date":"1648092025","amount":"22.04000000","price":"0.83974000","tid":"4888787"},{"type":"buy","date":"1648092024","amount":"50.30000000","price":"0.83974000","tid":"4888786"},{"type":"buy","date":"1648092024","amount":"91.00000000","price":"0.83974000","tid":"4888785"},{"type":"buy","date":"1648092024","amount":"19.00000000","price":"0.83974000","tid":"4888784"},{"type":"buy","date":"1648092024","amount":"67.63000000","price":"0.83974000","tid":"4888783"},{"type":"buy","date":"1648092023","amount":"119.04000000","price":"0.83974000","tid":"4888782"},{"type":"buy","date":"1648092022","amount":"114.00000000","price":"0.83974000","tid":"4888781"},{"type":"buy","date":"1648092019","amount":"24.00000000","price":"0.83974000","tid":"4888780"},{"type":"buy","date":"1648092005","amount":"243.24958200","price":"0.83967000","tid":"4888779"},{"type":"buy","date":"1648091931","amount":"595.28655100","price":"0.83950000","tid":"4888778"},{"type":"buy","date":"1648091831","amount":"595.28655100","price":"0.83943000","tid":"4888777"},{"type":"sell","date":"1648091804","amount":"46.00000000","price":"0.83932000","tid":"4888776"},{"type":"buy","date":"1648091798","amount":"595.22702200","price":"0.83948000","tid":"4888775"},{"type":"sell","date":"1648091793","amount":"18.03000000","price":"0.83932000","tid":"4888774"},{"type":"sell","date":"1648091793","amount":"101.00000000","price":"0.83933000","tid":"4888773"},{"type":"sell","date":"1648091793","amount":"476.16749900","price":"0.83983000","tid":"4888772"},{"type":"sell","date":"1648091793","amount":"119.00000000","price":"0.83983000","tid":"4888771"},{"type":"sell","date":"1648091793","amount":"54.52062100","price":"0.83984000","tid":"4888770"},{"type":"sell","date":"1648091793","amount":"24.38000000","price":"0.83984000","tid":"4888769"},{"type":"sell","date":"1648091792","amount":"19.00000000","price":"0.83984000","tid":"4888768"},{"type":"sell","date":"1648091790","amount":"24.00000000","price":"0.83984000","tid":"4888767"},{"type":"sell","date":"1648091788","amount":"30.00000000","price":"0.83984000","tid":"4888766"},{"type":"buy","date":"1648091777","amount":"30.00000000","price":"0.84000000","tid":"4888765"},{"type":"buy","date":"1648091763","amount":"92.85714200","price":"0.84000000","tid":"4888764"},{"type":"buy","date":"1648091760","amount":"37.00000000","price":"0.84000000","tid":"4888763"},{"type":"buy","date":"1648091759","amount":"47.00000000","price":"0.84000000","tid":"4888762"},{"type":"buy","date":"1648091758","amount":"60.83333300","price":"0.84000000","tid":"4888761"},{"type":"buy","date":"1648091756","amount":"58.00000000","price":"0.84000000","tid":"4888760"},{"type":"buy","date":"1648091756","amount":"119.07000000","price":"0.84000000","tid":"4888759"},{"type":"sell","date":"1648091755","amount":"3392.45474800","price":"0.84039000","tid":"4888758"},{"type":"sell","date":"1648091755","amount":"2698.67488400","price":"0.84040000","tid":"4888757"},{"type":"sell","date":"1648091755","amount":"594.76873700","price":"0.84096000","tid":"4888756"},{"type":"sell","date":"1648091740","amount":"95.00000000","price":"0.84102000","tid":"4888755"},{"type":"sell","date":"1648091737","amount":"118.00000000","price":"0.84102000","tid":"4888754"},{"type":"sell","date":"1648091730","amount":"434.00000000","price":"0.84109000","tid":"4888753"},{"type":"sell","date":"1648091728","amount":"542.00000000","price":"0.84109000","tid":"4888752"},{"type":"sell","date":"1648091727","amount":"678.00000000","price":"0.84109000","tid":"4888751"},{"type":"sell","date":"1648091727","amount":"239.62256000","price":"0.84165000","tid":"4888750"},{"type":"sell","date":"1648091726","amount":"118.90000000","price":"0.84165000","tid":"4888749"},{"type":"sell","date":"1648091726","amount":"118.00000000","price":"0.84165000","tid":"4888748"},{"type":"sell","date":"1648091725","amount":"118.00000000","price":"0.84165000","tid":"4888747"},{"type":"sell","date":"1648091707","amount":"73.00000000","price":"0.84174000","tid":"4888746"},{"type":"sell","date":"1648091705","amount":"91.00000000","price":"0.84174000","tid":"4888745"},{"type":"sell","date":"1648091704","amount":"114.00000000","price":"0.84174000","tid":"4888744"},{"type":"sell","date":"1648091702","amount":"22.00000000","price":"0.84174000","tid":"4888743"},{"type":"sell","date":"1648091692","amount":"20.08000000","price":"0.84188000","tid":"4888742"},{"type":"sell","date":"1648091690","amount":"24.00000000","price":"0.84188000","tid":"4888741"},{"type":"sell","date":"1648091689","amount":"30.00000000","price":"0.84188000","tid":"4888740"},{"type":"sell","date":"1648091688","amount":"38.00000000","price":"0.84188000","tid":"4888739"},{"type":"sell","date":"1648091687","amount":"95.00000000","price":"0.84188000","tid":"4888738"},{"type":"sell","date":"1648091687","amount":"71.00000000","price":"0.84188000","tid":"4888737"},{"type":"sell","date":"1648091686","amount":"118.00000000","price":"0.84188000","tid":"4888736"},{"type":"sell","date":"1648091685","amount":"118.00000000","price":"0.84188000","tid":"4888735"},{"type":"buy","date":"1648091649","amount":"2507.04365300","price":"0.84142000","tid":"4888734"},{"type":"buy","date":"1648091649","amount":"13.00000000","price":"0.84142000","tid":"4888733"},{"type":"buy","date":"1648091649","amount":"713.00000000","price":"0.84142000","tid":"4888732"},{"type":"buy","date":"1648091648","amount":"15.00000000","price":"0.84142000","tid":"4888731"},{"type":"buy","date":"1648091648","amount":"130.42000000","price":"0.84142000","tid":"4888730"},{"type":"buy","date":"1648091648","amount":"187.68000000","price":"0.84142000","tid":"4888729"},{"type":"buy","date":"1648091648","amount":"19.00000000","price":"0.84142000","tid":"4888728"},{"type":"buy","date":"1648091648","amount":"24.00000000","price":"0.84142000","tid":"4888727"},{"type":"buy","date":"1648091647","amount":"88.00000000","price":"0.84142000","tid":"4888726"},{"type":"buy","date":"1648091647","amount":"29.00000000","price":"0.84142000","tid":"4888725"},{"type":"buy","date":"1648091647","amount":"37.00000000","price":"0.84142000","tid":"4888724"},{"type":"buy","date":"1648091646","amount":"46.00000000","price":"0.84142000","tid":"4888723"},{"type":"buy","date":"1648091645","amount":"119.00000000","price":"0.84142000","tid":"4888722"},{"type":"buy","date":"1648091645","amount":"0.60000300","price":"0.84039000","tid":"4888721"},{"type":"buy","date":"1648091644","amount":"148.00000000","price":"0.84039000","tid":"4888720"},{"type":"buy","date":"1648091644","amount":"138.00000000","price":"0.84039000","tid":"4888719"},{"type":"buy","date":"1648091644","amount":"110.00000000","price":"0.84039000","tid":"4888718"},{"type":"buy","date":"1648091644","amount":"143.64000000","price":"0.84039000","tid":"4888717"},{"type":"buy","date":"1648091644","amount":"58.00000000","price":"0.84039000","tid":"4888716"},{"type":"buy","date":"1648091643","amount":"120.00000000","price":"0.84039000","tid":"4888715"},{"type":"buy","date":"1648091642","amount":"35.80000000","price":"0.84039000","tid":"4888714"},{"type":"buy","date":"1648091642","amount":"241.97000000","price":"0.84039000","tid":"4888713"},{"type":"buy","date":"1648091642","amount":"292.00000000","price":"0.84039000","tid":"4888712"},{"type":"buy","date":"1648091642","amount":"173.00000000","price":"0.84039000","tid":"4888711"}]